revenue,gross_profit,operating_income,net_income,net_income_available_to_shareholders,shares_basic,shares_diluted,cash_and_equiv,total_current_assets,ppe_gross,ppe_net,other_lt_assets,total_assets,total_current_liabilities,total_liabilities,total_equity,total_liabilities_and_equity,cfo_net_income,cf_cfo,cfi_ppe_net,ebitda,capex,fcf,book_value,tangible_book_value,gross_margin,assets_to_equity,shares_eop,period_end_date
1083.559,270.582,39.225,-10.121,-10.121,7770.82,7770.82,495.773,1344.496,471.617,228.279,59.799,1705.933,698.579,2994.997,-1289.064,1705.933,-10.121,-251.782,-6.394,31.982,-6.394,-258.176,-1289.064,-1362.423,0.25,-1.32,7832.18,2003-03
1099.912,273.928,41.823,-43.314,-43.314,7877.52,7877.52,641.728,1251.254,465.012,221.674,51.48,1596.854,769.384,2843.69,-1246.836,1596.854,-43.314,126.024,-7.141,89.644,-7.141,118.883,-1246.836,-1319.282,0.25,-1.28,7934.6,2003-06
1134.456,285.821,51.931,15.563,15.563,7958.24,8456.04,666.418,1410.2,464.797,221.459,48.246,1749.685,826.75,2907.719,-1158.034,1749.685,15.563,36.817,-15.192,-14.664,-15.192,21.625,-1158.034,-1227.814,0.25,-1.51,8008.44,2003-09
1945.772,426.837,137.616,73.154,73.154,8029.7,9939.54,1102.273,1820.809,371.738,224.285,47.818,2162.033,1252.701,3198.14,-1036.107,2162.033,73.154,480.963,-17.236,239.191,-17.236,463.727,-1036.107,-1105.228,0.22,-2.09,8067.08,2003-12
1530.349,360.834,110.435,111.136,111.136,8070.84,8490.38,768.587,1405.574,364.929,217.476,46.39,1738.561,865.911,2643.611,-905.05,1738.561,111.136,-250.688,-9.513,104.049,-9.513,-260.201,-905.05,-974.171,0.24,-1.92,8097.88,2004-03
1387.0,341.0,86.0,76.0,76.0,8100.0,8500.0,701.15,1561.192,363.324,215.871,41.926,1888.11,916.354,2678.968,-790.858,1888.11,76.864,142.688,-14.487,128.386,-14.487,128.201,-790.858,-859.979,0.25,-2.39,8134.22,2004-06
1463.0,356.0,81.0,54.0,54.0,8140.0,8500.0,745.608,1692.784,374.215,226.762,51.538,2108.668,1051.023,2829.745,-721.077,2108.668,54.0,117.0,-28.0,24.0,-28.0,89.0,-721.077,-858.661,0.24,-2.92,8149.28,2004-09
2541.0,545.0,155.0,346.0,346.0,8180.0,8560.0,1303.0,2539.0,423.0,246.0,324.0,3248.0,1620.0,3475.0,-227.0,3248.0,346.0,557.0,-37.0,252.0,-37.0,520.0,-227.0,-366.0,0.21,-14.31,8194.22,2004-12
1902.0,458.0,108.0,78.0,78.0,8200.0,8480.0,533.0,1793.0,421.0,245.0,285.0,2472.0,1073.0,2634.0,-162.0,2472.0,78.0,-294.0,-26.0,136.0,-26.0,-320.0,-162.0,-311.0,0.24,-15.26,8220.0,2005-03
1753.0,450.0,104.0,52.0,52.0,8220.0,8500.0,629.0,1926.0,444.0,267.0,254.0,2601.0,1144.0,2665.0,-64.0,2601.0,52.0,244.0,-47.0,131.0,-47.0,197.0,-64.0,-218.0,0.26,-40.64,8240.0,2005-06
1858.0,463.0,55.0,30.0,30.0,8260.0,8560.0,600.0,2121.0,499.0,322.0,230.0,2832.0,1313.0,2826.0,6.0,2832.0,30.0,153.0,-76.0,-2.0,-76.0,77.0,6.0,-153.0,0.25,472.0,8280.0,2005-09
2977.0,667.0,212.0,199.0,199.0,8300.0,8520.0,1013.0,2929.0,571.0,348.0,249.0,3696.0,1899.0,3450.0,246.0,3696.0,199.0,630.0,-55.0,335.0,-55.0,575.0,246.0,76.0,0.22,15.02,8320.0,2005-12
2279.0,544.0,103.0,51.0,51.0,8340.0,8520.0,507.0,2186.0,584.0,361.0,250.0,2990.0,1407.0,2666.0,324.0,2990.0,51.0,-303.0,-46.0,143.0,-46.0,-349.0,324.0,131.0,0.24,9.23,8340.0,2006-03
2139.0,509.0,47.0,22.0,22.0,8360.0,8520.0,683.0,2231.0,628.0,405.0,336.0,3165.0,1458.0,2782.0,383.0,3165.0,22.0,130.0,-58.0,90.0,-58.0,72.0,383.0,190.0,0.24,8.26,8380.0,2006-06
2307.0,549.0,40.0,19.0,19.0,8340.0,8480.0,693.0,2315.0,672.0,449.0,310.0,3268.0,1768.0,3072.0,196.0,3268.0,20.0,131.0,-62.0,103.0,-62.0,69.0,196.0,2.0,0.24,16.67,8220.0,2006-09
3986.0,850.0,207.0,97.0,97.0,8260.0,8420.0,1022.0,3373.0,824.0,457.0,317.0,4363.0,2532.0,3932.0,431.0,4363.0,97.0,744.0,-50.0,266.0,-50.0,694.0,431.0,215.0,0.21,10.12,8280.0,2006-12
3015.0,719.0,145.0,111.0,111.0,8240.0,8400.0,748.0,2600.0,809.0,442.0,423.0,3661.0,1847.0,3308.0,353.0,3661.0,111.0,-279.0,-34.0,207.0,-34.0,-313.0,353.0,157.0,0.24,10.37,8193.97,2007-03
2886.0,701.0,116.0,78.0,78.0,8240.0,8460.0,1004.0,2859.0,810.0,443.0,468.0,3984.0,1936.0,3434.0,550.0,3984.0,78.0,299.0,-48.0,176.0,-48.0,251.0,550.0,336.0,0.24,7.24,8267.98,2007-06
3262.0,762.0,123.0,80.0,80.0,8280.0,8500.0,1366.0,3424.0,858.0,491.0,485.0,4618.0,2319.0,3857.0,761.0,4618.0,80.0,237.0,-69.0,184.0,-69.0,168.0,761.0,543.0,0.23,6.07,8303.55,2007-09
5672.0,-940.0,271.0,207.0,207.0,8320.0,8540.0,2539.0,5164.0,1023.0,543.0,529.0,6485.0,3714.0,5288.0,1197.0,6485.0,207.0,1148.0,-73.0,334.0,-73.0,1075.0,1197.0,948.0,-0.17,5.42,8320.0,2007-12
4135.0,368.0,198.0,143.0,143.0,8340.0,8520.0,1496.0,3965.0,1074.0,594.0,932.0,5883.0,3551.0,4413.0,1470.0,5883.0,143.0,-645.0,-61.0,263.0,-61.0,-706.0,1470.0,1078.0,0.09,4.0,8340.0,2008-03
4063.0,348.0,217.0,158.0,158.0,8400.0,8600.0,1548.0,4236.0,1131.0,651.0,1035.0,6322.0,3216.0,4092.0,2230.0,6322.0,158.0,347.0,-69.0,287.0,-69.0,278.0,2230.0,1830.0,0.09,2.83,8520.0,2008-06
4264.0,342.0,154.0,118.0,118.0,8540.0,8720.0,1650.0,4430.0,1211.0,731.0,1000.0,6566.0,3144.0,4039.0,2527.0,6566.0,118.0,424.0,-102.0,230.0,-102.0,322.0,2527.0,2122.0,0.08,2.6,8620.0,2008-09
6703.0,521.0,273.0,225.0,225.0,8580.0,8700.0,2769.0,6157.0,1409.0,854.0,865.0,8314.0,4746.0,5642.0,2672.0,8314.0,225.0,1571.0,-102.0,350.0,-102.0,1469.0,2672.0,2234.0,0.08,3.11,8571.66,2008-12
4889.0,451.0,244.0,177.0,177.0,8580.0,8740.0,1701.0,4775.0,889.0,889.0,883.0,6980.0,3410.0,4062.0,2918.0,6980.0,177.0,-585.0,-55.0,331.0,-55.0,-640.0,2918.0,2485.0,0.09,2.39,8592.95,2009-03
4651.0,425.0,159.0,142.0,142.0,8620.0,8800.0,1936.0,5304.0,981.0,981.0,939.0,7675.0,3636.0,4419.0,3256.0,7675.0,142.0,468.0,-78.0,243.0,-78.0,390.0,3256.0,2805.0,0.09,2.36,8640.0,2009-06
5449.0,492.0,251.0,199.0,199.0,8640.0,8820.0,2514.0,6369.0,1086.0,1086.0,1060.0,8972.0,4537.0,5387.0,3585.0,8972.0,199.0,799.0,-103.0,347.0,-103.0,696.0,3585.0,3128.0,0.09,2.5,8660.0,2009-09
9520.0,872.0,476.0,384.0,384.0,8780.0,9020.0,3444.0,9797.0,1915.0,1290.0,925.0,13813.0,7364.0,8556.0,5257.0,13813.0,384.0,2611.0,-137.0,588.0,-137.0,2474.0,5257.0,3456.0,0.09,2.63,8880.0,2009-12
7131.0,718.0,394.0,299.0,299.0,8900.0,9080.0,1844.0,7964.0,1436.0,1436.0,1408.0,12042.0,5193.0,6424.0,5618.0,12042.0,299.0,-1098.0,-140.0,513.0,-140.0,-1238.0,5618.0,4384.0,0.1,2.14,8920.0,2010-03
6566.0,619.0,270.0,207.0,207.0,8940.0,9100.0,1629.0,8118.0,1704.0,1704.0,1346.0,12397.0,5250.0,6540.0,5857.0,12397.0,207.0,250.0,-196.0,399.0,-196.0,54.0,5857.0,4628.0,0.09,2.12,8960.0,2010-06
7560.0,652.0,268.0,231.0,231.0,8960.0,9120.0,1539.0,9559.0,2099.0,2099.0,1227.0,14162.0,6375.0,7765.0,6397.0,14162.0,231.0,855.0,-315.0,418.0,-315.0,540.0,6397.0,5120.0,0.09,2.21,8980.0,2010-09
12947.0,1022.0,474.0,416.0,416.0,8940.0,9180.0,3777.0,13747.0,3256.0,2414.0,724.0,18797.0,10372.0,11933.0,6864.0,18797.0,416.0,3488.0,-328.0,643.0,-328.0,3160.0,6864.0,4952.0,0.08,2.74,9020.0,2010-12
9857.0,815.0,322.0,201.0,201.0,9020.0,9180.0,2641.0,11288.0,2902.0,2902.0,1179.0,16882.0,7730.0,9535.0,7347.0,16882.0,201.0,-1586.0,-298.0,524.0,-298.0,-1884.0,7347.0,5834.0,0.08,2.3,9040.0,2011-03
9913.0,749.0,201.0,191.0,191.0,9060.0,9200.0,2047.0,11279.0,3470.0,3470.0,1283.0,17941.0,8045.0,10176.0,7765.0,17941.0,191.0,423.0,-433.0,445.0,-433.0,-10.0,7765.0,5856.0,0.08,2.31,9080.0,2011-06
10876.0,661.0,79.0,63.0,63.0,9080.0,9220.0,2823.0,11904.0,3999.0,3999.0,1217.0,19054.0,8978.0,11288.0,7766.0,19054.0,63.0,797.0,-529.0,357.0,-529.0,268.0,7766.0,5832.0,0.06,2.45,9100.0,2011-09
17431.0,1079.0,260.0,177.0,177.0,9060.0,9280.0,5269.0,17490.0,5786.0,4417.0,769.0,25278.0,14896.0,17521.0,7757.0,25278.0,177.0,4269.0,-550.0,619.0,-550.0,3719.0,7757.0,5155.0,0.06,3.26,9100.0,2011-12
13185.0,918.0,192.0,130.0,130.0,9060.0,9200.0,2288.0,12154.0,4653.0,4653.0,1562.0,20339.0,10488.0,13068.0,7271.0,20339.0,130.0,-2438.0,-386.0,649.0,-386.0,-2824.0,7271.0,5301.0,0.07,2.8,9000.0,2012-03
12834.0,908.0,107.0,7.0,7.0,9020.0,9160.0,2335.0,11793.0,5097.0,5097.0,1611.0,21022.0,10964.0,13517.0,7505.0,21022.0,7.0,594.0,-657.0,592.0,-657.0,-63.0,7505.0,4984.0,0.07,2.8,9040.0,2012-06
13806.0,785.0,-28.0,-274.0,-274.0,9040.0,9040.0,2980.0,13118.0,5662.0,5662.0,1514.0,22834.0,12605.0,15281.0,7553.0,22834.0,-274.0,943.0,-716.0,526.0,-716.0,227.0,7553.0,5013.0,0.06,3.02,9060.0,2012-09
21268.0,1528.0,405.0,98.0,98.0,9120.0,9120.0,8084.0,21296.0,9582.0,7060.0,922.0,32555.0,19002.0,24363.0,8192.0,32555.0,98.0,5081.0,-2026.0,1067.0,-2026.0,3055.0,8192.0,4915.0,0.07,3.97,9080.0,2012-12
16070.0,1090.0,181.0,82.0,82.0,9100.0,9260.0,4481.0,16313.0,7674.0,7674.0,1855.0,28377.0,14332.0,19945.0,8432.0,28377.0,82.0,-2372.0,-670.0,881.0,-670.0,-3042.0,8432.0,5897.0,0.07,3.37,9100.0,2013-03
15704.0,1072.0,79.0,-7.0,-7.0,9120.0,9120.0,3704.0,16285.0,8789.0,8789.0,1935.0,29623.0,14735.0,20890.0,8733.0,29623.0,-7.0,880.0,-855.0,835.0,-855.0,25.0,8733.0,6119.0,0.07,3.39,9140.0,2013-06
17092.0,958.0,-25.0,-41.0,-41.0,9140.0,9140.0,3872.0,17334.0,9991.0,9991.0,1901.0,31861.0,16135.0,22774.0,9087.0,31861.0,-41.0,1388.0,-1038.0,809.0,-1038.0,350.0,9087.0,6452.0,0.06,3.51,9160.0,2013-09
25587.0,2001.0,510.0,240.0,240.0,9200.0,9360.0,8658.0,24625.0,14809.0,10949.0,1285.0,40159.0,22980.0,30413.0,9746.0,40159.0,240.0,5578.0,-879.0,1472.0,-879.0,4699.0,9746.0,6446.0,0.08,4.12,9180.0,2013-12
19741.0,1378.0,146.0,108.0,108.0,9200.0,9360.0,5074.0,19327.0,12267.0,12267.0,2117.0,36364.0,18357.0,26036.0,10328.0,36364.0,108.0,-2502.0,-1080.0,1156.0,-1080.0,-3582.0,10328.0,7675.0,0.07,3.52,9200.0,2014-03
19340.0,1333.0,-15.0,-126.0,-126.0,9220.0,9220.0,5057.0,18755.0,14089.0,14089.0,2377.0,37898.0,18751.0,27296.0,10602.0,37898.0,-126.0,862.0,-1290.0,1094.0,-1290.0,-428.0,10602.0,7925.0,0.07,3.57,9240.0,2014-06
20579.0,886.0,-544.0,-437.0,-437.0,9260.0,9260.0,5258.0,18572.0,15702.0,15702.0,2813.0,40419.0,20842.0,30083.0,10336.0,40419.0,-437.0,1766.0,-1378.0,703.0,-1378.0,388.0,10336.0,7004.0,0.04,3.91,9260.0,2014-09
29329.0,2597.0,590.0,214.0,214.0,9300.0,9300.0,14557.0,31327.0,22730.0,16967.0,2128.0,54505.0,28089.0,43764.0,10741.0,54505.0,214.0,6715.0,-1145.0,1970.0,-1145.0,5570.0,10741.0,6658.0,0.09,5.07,9300.0,2014-12
22717.0,1809.0,255.0,-57.0,-57.0,9300.0,9300.0,10237.0,25922.0,17736.0,17736.0,2926.0,50075.0,23177.0,39202.0,10873.0,50075.0,-57.0,-1499.0,-871.0,1681.0,-871.0,-2370.0,10873.0,7382.0,0.08,4.61,9320.0,2015-03
23185.0,2129.0,464.0,92.0,92.0,9340.0,9520.0,10269.0,26391.0,19479.0,19479.0,3047.0,52440.0,23912.0,40672.0,11768.0,52440.0,92.0,1997.0,-1213.0,1968.0,-1213.0,784.0,11768.0,8245.0,0.09,4.46,9360.0,2015-06
25358.0,2176.0,406.0,79.0,79.0,9360.0,9560.0,10709.0,28849.0,20636.0,20636.0,3216.0,56230.0,26657.0,43800.0,12430.0,56230.0,79.0,2610.0,-1195.0,2005.0,-1195.0,1415.0,12430.0,8901.0,0.09,4.52,9380.0,2015-09
35747.0,3292.0,1109.0,482.0,482.0,9340.0,9600.0,15890.0,35705.0,30053.0,21838.0,2453.0,64747.0,33887.0,51363.0,13384.0,64747.0,482.0,8931.0,-2107.0,2861.0,-2107.0,6824.0,13384.0,8633.0,0.09,4.84,9420.0,2015-12
29128.0,3049.0,1071.0,513.0,513.0,9420.0,9620.0,12470.0,30513.0,23308.0,23308.0,3522.0,61128.0,28187.0,46372.0,14756.0,61128.0,513.0,-1953.0,-1179.0,2898.0,-1179.0,-3132.0,14756.0,10971.0,0.1,4.14,9440.0,2016-03
30404.0,3466.0,1285.0,857.0,857.0,9460.0,9660.0,12521.0,32220.0,25190.0,25190.0,3892.0,65076.0,29587.0,48538.0,16538.0,65076.0,857.0,3578.0,-1711.0,3194.0,-1711.0,1867.0,16538.0,12764.0,0.11,3.93,9480.0,2016-06
32714.0,2984.0,575.0,252.0,252.0,9480.0,9700.0,13656.0,35609.0,27177.0,27177.0,4296.0,70897.0,33498.0,53115.0,17782.0,70897.0,252.0,4659.0,-1841.0,2659.0,-1841.0,2818.0,17782.0,13967.0,0.09,3.99,9500.0,2016-09
43741.0,4519.0,1255.0,749.0,749.0,9540.0,9740.0,19334.0,45781.0,42441.0,29114.0,3869.0,83402.0,43816.0,64117.0,19285.0,83402.0,749.0,10919.0,-3073.0,3552.0,-3073.0,7846.0,19285.0,14647.0,0.1,4.32,9540.0,2016-12
35714.0,3764.0,1005.0,724.0,724.0,9540.0,9800.0,15440.0,39460.0,32632.0,32632.0,5054.0,80969.0,37399.0,59295.0,21674.0,80969.0,724.0,-1619.0,-1861.0,3440.0,-1861.0,-3480.0,21674.0,17851.0,0.11,3.74,9560.0,2017-03
37955.0,3797.0,628.0,197.0,197.0,9580.0,9840.0,13203.0,41007.0,37083.0,37083.0,5437.0,87781.0,40520.0,64567.0,23214.0,87781.0,197.0,3850.0,-2501.0,3261.0,-2501.0,1349.0,23214.0,18960.0,0.1,3.78,9600.0,2017-06
43744.0,3831.0,347.0,256.0,256.0,9620.0,9880.0,12767.0,48578.0,45335.0,45335.0,8083.0,115267.0,47072.0,90609.0,24658.0,115267.0,256.0,3777.0,-2659.0,3259.0,-2659.0,1118.0,24658.0,11387.0,0.09,4.67,9640.0,2017-09
60453.0,6670.0,2127.0,1857.0,1857.0,9660.0,9920.0,20522.0,60197.0,72656.0,48866.0,5526.0,131310.0,57883.0,103601.0,27709.0,131310.0,1857.0,12358.0,-3036.0,5625.0,-3036.0,9322.0,27709.0,10988.0,0.11,4.74,9680.0,2017-12
51042.0,5756.0,1927.0,1629.0,1629.0,9680.0,9960.0,16676.0,50829.0,52331.0,52331.0,9814.0,126362.0,48045.0,94899.0,31463.0,126362.0,1629.0,-1791.0,-2727.0,5598.0,-2727.0,-4518.0,31463.0,18075.0,0.11,4.02,9700.0,2018-03
52886.0,7075.0,2983.0,2534.0,2534.0,9720.0,10000.0,19823.0,54481.0,54768.0,54768.0,10907.0,134100.0,50801.0,99105.0,34995.0,134100.0,2534.0,7449.0,-2949.0,6613.0,-2949.0,4500.0,34995.0,21051.0,0.13,3.83,9740.0,2018-06
56576.0,8136.0,3724.0,2883.0,2883.0,9760.0,10020.0,20425.0,59885.0,58019.0,58019.0,11238.0,143695.0,55324.0,104570.0,39125.0,143695.0,2883.0,8588.0,-2527.0,7502.0,-2527.0,6061.0,39125.0,24572.0,0.14,3.67,9780.0,2018-09
72383.0,9900.0,3786.0,3027.0,3027.0,9800.0,10000.0,31750.0,75101.0,95770.0,61797.0,7092.0,162648.0,68391.0,119099.0,43549.0,162648.0,3027.0,16477.0,-3120.0,8048.0,-3120.0,13357.0,43549.0,24891.0,0.14,3.73,9820.0,2018-12
59700.0,9252.0,4420.0,3561.0,3561.0,9820.0,10040.0,23115.0,69431.0,81180.0,81180.0,12783.0,178102.0,63695.0,129692.0,48410.0,178102.0,3561.0,1846.0,-2721.0,9274.0,-2721.0,-875.0,48410.0,33702.0,0.15,3.68,9840.0,2019-03
63404.0,8731.0,3084.0,2625.0,2625.0,9860.0,10060.0,22616.0,76790.0,86372.0,86372.0,13462.0,191351.0,69678.0,138290.0,53061.0,191351.0,2625.0,9118.0,-2643.0,8286.0,-2643.0,6475.0,53061.0,38334.0,0.14,3.61,9880.0,2019-06
69981.0,9312.0,3157.0,2134.0,2134.0,9900.0,10080.0,23255.0,79054.0,90776.0,90776.0,14535.0,199099.0,72136.0,142591.0,56508.0,199099.0,2134.0,7892.0,-3385.0,8720.0,-3385.0,4507.0,56508.0,41774.0,0.13,3.52,9900.0,2019-09
87436.0,11527.0,3879.0,3268.0,3268.0,9940.0,10140.0,36092.0,96334.0,144821.0,97846.0,12265.0,225248.0,87812.0,163188.0,62060.0,225248.0,3268.0,19659.0,-3940.0,10049.0,-3940.0,15719.0,62060.0,43257.0,0.13,3.63,9960.0,2019-12
75452.0,10339.0,3989.0,2535.0,2535.0,9960.0,10120.0,27201.0,85985.0,104058.0,104058.0,16456.0,221238.0,79711.0,155966.0,65272.0,221238.0,2535.0,3064.0,-5428.0,9351.0,-5428.0,-2364.0,65272.0,50533.0,0.14,3.39,9980.0,2020-03
88912.0,12058.0,5843.0,5243.0,5243.0,10000.0,10180.0,37466.0,110908.0,115054.0,115054.0,17601.0,258314.0,93896.0,184586.0,73728.0,258314.0,5243.0,20606.0,-6615.0,11591.0,-6615.0,13991.0,73728.0,58977.0,0.14,3.5,10020.0,2020-06
96145.0,13358.0,6194.0,6331.0,6331.0,10020.0,10240.0,29930.0,112969.0,134100.0,134100.0,20150.0,282179.0,101912.0,199404.0,82775.0,282179.0,6331.0,11964.0,-9808.0,12717.0,-9808.0,2156.0,82775.0,67815.0,0.14,3.41,10040.0,2020-09
125555.0,15748.0,6873.0,7222.0,7222.0,10000.0,10260.0,42122.0,132733.0,211101.0,150667.0,17797.0,321195.0,126385.0,227791.0,93404.0,321195.0,7222.0,30431.0,-13194.0,14491.0,-13194.0,17237.0,93404.0,73406.0,0.13,3.44,10060.0,2020-12
108518.0,17097.0,8865.0,8107.0,8107.0,10080.0,10260.0,33834.0,121408.0,160789.0,160789.0,25660.0,323077.0,115404.0,219757.0,103320.0,323077.0,8107.0,4213.0,-11187.0,16373.0,-11187.0,-6974.0,103320.0,88100.0,0.16,3.13,10072.0,2021-03
113080.0,17395.0,7702.0,7778.0,7778.0,10103.0,10286.0,40380.0,140848.0,176848.0,176848.0,27273.0,360319.0,117792.0,245516.0,114803.0,360319.0,7778.0,12715.0,-12988.0,15740.0,-12988.0,-273.0,114803.0,99453.0,0.15,3.14,10120.0,2021-06
110812.0,15004.0,4852.0,3156.0,3156.0,10132.0,10309.0,29944.0,138531.0,199303.0,199303.0,29227.0,382406.0,123994.0,261842.0,120564.0,382406.0,3156.0,7313.0,-14751.0,13800.0,-14751.0,-7438.0,120564.0,105219.0,0.14,3.17,10140.0,2021-09
137412.0,16819.0,3460.0,14323.0,14323.0,10171.0,10339.0,36220.0,161580.0,294882.0,216363.0,22128.0,420549.0,142266.0,282304.0,138245.0,420549.0,14323.0,22086.0,-16470.0,13262.0,-16470.0,5616.0,138245.0,117767.0,0.12,3.04,10180.0,2021-12
116444.0,14832.0,3669.0,-3844.0,-3844.0,10180.0,10180.0,36393.0,133876.0,224629.0,224629.0,32033.0,410767.0,139508.0,276766.0,134001.0,410767.0,-3844.0,-2790.0,-13742.0,12647.0,-13742.0,-16532.0,134001.0,113772.0,0.13,3.07,10180.0,2022-03
121234.0,16396.0,3317.0,-2028.0,-2028.0,10175.0,10175.0,37478.0,133667.0,232136.0,232136.0,33730.0,419728.0,140291.0,288326.0,131402.0,419728.0,-2028.0,8965.0,-14098.0,12911.0,-14098.0,-5133.0,131402.0,111207.0,0.14,3.19,10183.0,2022-06
127101.0,16765.0,2525.0,2872.0,2872.0,10191.0,10331.0,34947.0,131463.0,239228.0,239228.0,37503.0,428362.0,140363.0,290873.0,137489.0,428362.0,2872.0,11404.0,-15041.0,12729.0,-15041.0,-3637.0,137489.0,117321.0,0.13,3.12,10198.0,2022-09
