revenue,gross_profit,operating_income,net_income,net_income_available_to_shareholders,shares_basic,shares_diluted,cash_and_equiv,total_current_assets,ppe_gross,ppe_net,other_lt_assets,total_assets,total_current_liabilities,total_liabilities,total_equity,total_liabilities_and_equity,cfo_net_income,cf_cfo,cfi_ppe_net,ebitda,capex,fcf,book_value,tangible_book_value,gross_margin,assets_to_equity,shares_eop,period_end_date
8549.0,1165.0,1165.0,688.0,688.0,2045.0,2099.0,1462.0,10076.0,21572.0,12570.0,9130.0,51520.0,9555.0,27042.0,24478.0,51520.0,688.0,-2.0,-208.0,1438.0,-208.0,-210.0,24478.0,4734.0,0.14,2.1,2013.3,2003-12
7189.0,1036.0,1036.0,537.0,537.0,2048.0,2110.0,3148.0,10748.0,27794.0,16278.0,8329.0,55096.0,12776.0,29603.0,25493.0,55096.0,537.0,2506.0,-260.0,1315.0,-260.0,2246.0,25493.0,5752.0,0.14,2.16,2013.3,2004-03
7471.0,1096.0,1096.0,604.0,604.0,2053.0,2111.0,3023.0,10167.0,27647.0,16248.0,8378.0,54561.0,12158.0,28403.0,26158.0,54561.0,604.0,899.0,-426.0,1416.0,-426.0,473.0,26158.0,6390.0,0.15,2.09,2013.3,2004-06
7543.0,751.0,751.0,516.0,516.0,2538.185,2538.185,2042.0,9369.0,28147.0,16482.0,8270.0,53902.0,11059.0,27023.0,26879.0,53902.0,516.0,1241.0,-533.0,1089.0,-533.0,708.0,26879.0,7098.0,0.1,2.01,2054.58,2004-09
8666.0,1116.0,1116.0,686.0,686.0,2042.0,2107.0,2166.0,10378.0,28975.0,16827.0,8473.0,55449.0,11264.0,28204.0,27245.0,55449.0,686.0,156.0,-347.0,1442.0,-347.0,-191.0,27245.0,7474.0,0.13,2.04,2043.28,2004-12
7829.0,1109.0,1109.0,657.0,657.0,2044.0,2114.0,1941.0,10182.0,29110.0,16796.0,8296.0,55047.0,8596.0,27003.0,28044.0,55047.0,657.0,972.0,-426.0,1439.0,-426.0,546.0,28044.0,8271.0,0.14,1.96,2082.9,2005-03
7715.0,1282.0,1282.0,811.0,811.0,2031.0,2096.0,2034.0,9508.0,29090.0,16690.0,7926.0,53892.0,8036.0,25685.0,28207.0,53892.0,811.0,1800.0,-414.0,1632.0,-414.0,1386.0,28207.0,8439.0,0.17,1.91,2049.6,2005-06
7164.0,424.0,424.0,379.0,379.0,2256.554,2256.554,1723.0,8845.0,29573.0,16968.0,2213.0,53158.0,9168.0,25700.0,27458.0,53158.0,379.0,1341.0,-639.0,759.0,-639.0,702.0,27458.0,2326.0,0.06,1.94,2007.2,2005-09
8854.0,1161.0,1161.0,734.0,734.0,1940.0,1999.0,1819.0,9810.0,29509.0,16721.0,7451.0,53667.0,10236.0,27028.0,26639.0,53667.0,734.0,579.0,-203.0,1530.0,-203.0,376.0,26639.0,6954.0,0.13,2.01,1958.6,2005-12
8027.0,1186.0,1186.0,733.0,733.0,1924.0,1990.0,2031.0,9663.0,29805.0,16719.0,7545.0,53624.0,9467.0,26500.0,27124.0,53624.0,733.0,1602.0,-259.0,1543.0,-259.0,1343.0,27124.0,7427.0,0.15,1.98,1940.1,2006-03
8474.0,1740.0,1740.0,1125.0,1125.0,2071.0,2147.0,1953.0,9165.0,30533.0,17006.0,2217.0,59357.0,9351.0,25567.0,33790.0,59357.0,1125.0,1468.0,-305.0,2096.0,-305.0,1163.0,33790.0,2821.0,0.21,1.76,2160.2,2006-06
8652.0,1315.0,1315.0,782.0,782.0,2086.0,2169.0,2411.0,9562.0,30948.0,17167.0,2622.0,59998.0,10210.0,26835.0,33163.0,59998.0,782.0,2409.0,-552.0,1670.0,-552.0,1857.0,33163.0,2516.0,0.15,1.81,2064.0,2006-09
9581.0,1674.0,1674.0,1701.0,1701.0,2059.0,2148.0,2437.0,11115.0,31305.0,17144.0,2153.0,60993.0,10587.0,27127.0,33866.0,60993.0,1701.0,516.0,-245.0,2048.0,-245.0,271.0,33866.0,3285.0,0.17,1.8,2035.2,2006-12
7954.0,1513.0,1513.0,931.0,931.0,2039.0,2129.0,2182.0,9514.0,31523.0,17034.0,2257.0,59605.0,10277.0,26734.0,32871.0,59605.0,931.0,2244.0,-301.0,1873.0,-301.0,1943.0,32871.0,2071.0,0.19,1.81,1981.63,2007-03
9045.0,2023.0,2023.0,1178.0,1178.0,1982.0,2070.0,3464.0,10818.0,31786.0,17065.0,2364.0,59667.0,9545.0,26908.0,32759.0,59667.0,1178.0,1094.0,-440.0,2388.0,-440.0,654.0,32759.0,3339.0,0.22,1.82,1940.92,2007-06
8930.0,1571.0,1571.0,877.0,877.0,1935.0,2023.0,3670.0,11314.0,32578.0,17433.0,2479.0,60928.0,11391.0,28880.0,32048.0,60928.0,877.0,1567.0,-580.0,1963.0,-580.0,987.0,32048.0,2346.0,0.18,1.9,1962.2,2007-09
10452.0,2033.0,2033.0,1250.0,1250.0,1904.0,1989.0,3414.0,13268.0,32897.0,17356.0,2656.0,62772.0,12383.0,31065.0,31707.0,62772.0,1250.0,662.0,-249.0,2418.0,-249.0,413.0,31707.0,2215.0,0.19,1.98,1931.0,2007-12
8710.0,1898.0,1898.0,1133.0,1133.0,1883.0,1960.0,3860.0,12396.0,33592.0,17557.0,7771.0,62291.0,11256.0,30357.0,31934.0,62291.0,1133.0,2603.0,-347.0,2289.0,-347.0,2256.0,31934.0,7367.0,0.22,1.95,1901.2,2008-03
9236.0,2021.0,2021.0,1284.0,1284.0,1900.0,1940.0,2589.0,11243.0,33871.0,17550.0,3011.0,61582.0,10039.0,27567.0,34015.0,61582.0,1284.0,936.0,-353.0,2423.0,-353.0,583.0,34015.0,4237.0,0.22,1.81,1869.7,2008-06
9445.0,1491.0,1491.0,760.0,760.0,1872.0,1903.0,3001.0,11666.0,33842.0,17532.0,7157.0,62497.0,11591.0,28830.0,33667.0,62497.0,1062.0,1245.0,-629.0,1895.0,-629.0,616.0,33667.0,9774.0,0.16,1.86,1822.9,2008-09
9599.0,1217.0,1217.0,845.0,845.0,1852.0,1872.0,3795.0,13472.0,33739.0,17305.0,3746.0,64901.0,12604.0,30986.0,33915.0,64901.0,851.0,262.0,-291.0,1613.0,-291.0,-29.0,33915.0,3537.0,0.13,1.91,1856.33,2008-12
8087.0,1287.0,1287.0,613.0,613.0,1855.0,1868.0,3369.0,11977.0,33818.0,17210.0,7629.0,63032.0,10186.0,28733.0,34299.0,63032.0,653.0,1805.0,-458.0,1693.0,-458.0,1347.0,34299.0,9647.0,0.16,1.84,1856.75,2009-03
8596.0,1598.0,1598.0,954.0,954.0,1857.0,1874.0,3128.0,11499.0,34348.0,17287.0,7459.0,62584.0,8606.0,27186.0,35398.0,62584.0,1031.0,1514.0,-378.0,2002.0,-378.0,1136.0,35398.0,10727.0,0.19,1.77,1819.7,2009-06
9867.0,1595.0,1595.0,895.0,895.0,1859.0,1887.0,3417.0,11889.0,34992.0,17597.0,7147.0,63117.0,8934.0,27692.0,35425.0,63117.0,1074.0,1738.0,-626.0,2020.0,-626.0,1112.0,35425.0,11495.0,0.16,1.78,1818.3,2009-09
9739.0,1414.0,1414.0,844.0,844.0,1867.0,1903.0,3204.0,12945.0,35152.0,17434.0,7192.0,69314.0,11667.0,31356.0,37958.0,69314.0,844.0,915.0,-307.0,1837.0,-307.0,608.0,37958.0,8793.0,0.15,1.83,1875.9,2009-12
8580.0,1512.0,1512.0,953.0,953.0,1940.0,1973.0,3075.0,12487.0,35218.0,17334.0,7550.0,68760.0,10052.0,29791.0,38969.0,68760.0,998.0,1574.0,-500.0,1936.0,-500.0,1074.0,38969.0,10187.0,0.18,1.76,1969.2,2010-03
10002.0,2279.0,2279.0,1331.0,1331.0,1945.0,1978.0,2951.0,12601.0,34962.0,17154.0,7189.0,68305.0,9489.0,28704.0,39601.0,68305.0,1505.0,1883.0,-506.0,2711.0,-506.0,1377.0,39601.0,10827.0,0.23,1.72,1932.3,2010-06
9742.0,1521.0,1521.0,835.0,835.0,1909.0,1939.0,2722.0,12225.0,36179.0,17806.0,7481.0,69206.0,11000.0,29864.0,39342.0,69206.0,966.0,2206.0,-797.0,1955.0,-797.0,1409.0,39342.0,10161.0,0.16,1.76,1896.9,2010-09
10716.0,1940.0,1940.0,1302.0,1302.0,1891.0,1927.0,3039.0,13994.0,37087.0,18486.0,6665.0,70950.0,12747.0,31211.0,39739.0,70950.0,1334.0,1119.0,-1213.0,2387.0,-1213.0,-94.0,39739.0,10425.0,0.18,1.79,1874.7,2010-12
9077.0,1528.0,1528.0,942.0,942.0,1899.0,1934.0,3094.0,13220.0,38054.0,18898.0,6705.0,70588.0,12803.0,30276.0,40312.0,70588.0,1010.0,1949.0,-632.0,1984.0,-632.0,1317.0,40312.0,11046.0,0.17,1.75,1855.2,2011-03
10675.0,2446.0,2446.0,1476.0,1476.0,1883.0,1912.0,3519.0,13643.0,38798.0,19207.0,6520.0,71105.0,12766.0,30183.0,40922.0,71105.0,1663.0,1822.0,-716.0,2922.0,-716.0,1106.0,40922.0,11692.0,0.23,1.74,1820.2,2011-06
10425.0,1867.0,1867.0,1087.0,1087.0,1839.0,1864.0,3185.0,13757.0,39267.0,19695.0,6971.0,72124.0,12088.0,32671.0,39453.0,72124.0,1251.0,2104.0,-998.0,2329.0,-998.0,1106.0,39453.0,10187.0,0.18,1.83,1762.2,2011-09
10779.0,2192.0,2192.0,1464.0,1464.0,1798.0,1824.0,3766.0,15060.0,39521.0,19760.0,7139.0,73877.0,13524.0,34454.0,39423.0,73877.0,1521.0,1734.0,-634.0,2677.0,-634.0,1100.0,39423.0,10190.0,0.2,1.87,1838.9,2011-12
9629.0,1687.0,1687.0,1143.0,1143.0,1793.0,1818.0,3731.0,14537.0,41015.0,20842.0,7115.0,75233.0,12724.0,35321.0,39912.0,75233.0,1226.0,1812.0,-1477.0,2175.0,-1477.0,335.0,39912.0,9657.0,0.18,1.88,1817.5,2012-03
11088.0,2960.0,2960.0,1831.0,1831.0,1791.0,1812.0,4374.0,14754.0,41198.0,20944.0,7083.0,75291.0,11117.0,33218.0,42073.0,75291.0,2036.0,2885.0,-740.0,3482.0,-740.0,2145.0,42073.0,11960.0,0.27,1.79,1808.9,2012-06
10782.0,11971.0,2024.0,1244.0,1244.0,1794.0,1818.0,3387.0,13709.0,42199.0,21512.0,6829.0,74898.0,12813.0,32940.0,41958.0,74898.0,1390.0,1535.0,-933.0,2516.0,-933.0,602.0,41958.0,11833.0,1.11,1.79,1800.0,2012-09
11341.0,2092.0,2092.0,1382.0,1382.0,1777.0,1800.0,3207.0,14322.0,42857.0,21671.0,7062.0,80642.0,14498.0,37272.0,43370.0,80642.0,1438.0,1144.0,-545.0,2606.0,-545.0,599.0,43370.0,8405.0,0.18,1.86,1800.0,2012-12
10554.0,2195.0,2195.0,1513.0,1513.0,1804.0,1825.0,3952.0,15003.0,43131.0,21650.0,7218.0,81358.0,13453.0,37214.0,44144.0,81358.0,1621.0,2160.0,-574.0,2745.0,-574.0,1586.0,44144.0,9223.0,0.21,1.84,1800.0,2013-03
11578.0,3004.0,3004.0,1847.0,1847.0,1802.0,1821.0,3932.0,14205.0,43856.0,21875.0,7030.0,80565.0,11341.0,34658.0,45907.0,80565.0,2034.0,3413.0,-690.0,3573.0,-690.0,2723.0,45907.0,11135.0,0.26,1.75,1800.0,2013-06
11568.0,12716.0,2159.0,1394.0,1394.0,1786.0,1804.0,3931.0,14109.0,44839.0,22380.0,7209.0,81241.0,11704.0,33091.0,48150.0,81241.0,1543.0,2735.0,-987.0,2718.0,-987.0,1748.0,48150.0,13456.0,1.1,1.69,1800.0,2013-09
12309.0,5244.0,2665.0,1840.0,1840.0,1762.0,1784.0,4397.0,15763.0,45441.0,22567.0,7415.0,83166.0,15696.0,35870.0,47296.0,83166.0,1904.0,1212.0,-658.0,3226.0,-658.0,554.0,47296.0,12659.0,0.43,1.76,1700.0,2013-12
11649.0,5677.0,2981.0,1917.0,1917.0,1750.0,1770.0,4078.0,15046.0,45975.0,22681.0,7491.0,82580.0,15162.0,34940.0,47640.0,82580.0,2056.0,2527.0,-701.0,3561.0,-701.0,1826.0,47640.0,13028.0,0.49,1.73,1700.0,2014-03
12466.0,6102.0,3498.0,2245.0,2245.0,1732.0,1748.0,4090.0,15205.0,46628.0,23013.0,7455.0,83723.0,13351.0,35111.0,48612.0,83723.0,2419.0,2936.0,-889.0,4055.0,-889.0,2047.0,48612.0,13420.0,0.49,1.72,1700.0,2014-06
12389.0,5370.0,2396.0,1499.0,1499.0,1716.0,1735.0,3421.0,15169.0,47054.0,23332.0,7629.0,84141.0,13292.0,35963.0,48178.0,84141.0,1625.0,3105.0,-1063.0,2986.0,-1063.0,2042.0,48178.0,12863.0,0.43,1.75,1700.0,2014-09
13391.0,5735.0,3208.0,2182.0,2182.0,1700.0,1717.0,5077.0,17240.0,47705.0,23660.0,8275.0,87035.0,16804.0,39242.0,47793.0,87035.0,2244.0,1855.0,-998.0,3800.0,-998.0,857.0,47793.0,12575.0,0.43,1.82,1700.0,2014-12
12461.0,5771.0,3106.0,2108.0,2108.0,1699.0,1715.0,3745.0,15646.0,47778.0,23762.0,8575.0,85715.0,13410.0,35978.0,49737.0,85715.0,2228.0,2918.0,-907.0,3690.0,-907.0,2011.0,49737.0,14580.0,0.46,1.72,1700.0,2015-03
13101.0,6438.0,3762.0,2483.0,2483.0,1696.0,1711.0,4475.0,16512.0,48909.0,24436.0,8640.0,87367.0,14826.0,36860.0,50507.0,87367.0,2639.0,2808.0,-1156.0,4337.0,-1156.0,1652.0,50507.0,15422.0,0.49,1.73,1600.0,2015-06
13512.0,6157.0,3148.0,1609.0,1609.0,1679.0,1694.0,4269.0,16758.0,50023.0,25179.0,8604.0,88182.0,16334.0,39527.0,48655.0,88182.0,1741.0,3804.0,-1204.0,3751.0,-1204.0,2600.0,48655.0,13657.0,0.46,1.81,1600.0,2015-09
15244.0,6621.0,3989.0,2880.0,2880.0,1654.0,1668.0,4301.0,17768.0,50666.0,25487.0,8676.0,90121.0,18796.0,41923.0,48198.0,90121.0,2910.0,2456.0,-1406.0,4596.0,-1406.0,1050.0,48198.0,13276.0,0.43,1.87,1700.0,2015-12
12969.0,6105.0,3363.0,2143.0,2143.0,1633.0,1643.0,5015.0,16999.0,52278.0,26421.0,8728.0,90264.0,17073.0,42254.0,48010.0,90264.0,2276.0,3529.0,-1150.0,3968.0,-1150.0,2379.0,48010.0,13141.0,0.47,1.88,1700.0,2016-03
14277.0,7076.0,4145.0,2597.0,2597.0,1621.0,1631.0,5227.0,17617.0,53140.0,26865.0,8407.0,90914.0,18072.0,42768.0,48146.0,90914.0,2712.0,3630.0,-1135.0,4771.0,-1135.0,2495.0,48146.0,13349.0,0.5,1.89,1700.0,2016-06
13142.0,5837.0,2861.0,1771.0,1771.0,1608.0,1615.0,4610.0,16966.0,54198.0,27349.0,8679.0,92033.0,16842.0,44710.0,47323.0,92033.0,1892.0,3521.0,-1082.0,3550.0,-1082.0,2439.0,47323.0,12564.0,0.44,1.94,1600.0,2016-09
14784.0,6378.0,3706.0,2479.0,2479.0,1592.0,1603.0,3736.0,16665.0,54050.0,27054.0,8952.0,91576.0,19317.0,44399.0,47177.0,91576.0,2488.0,1445.0,-1040.0,4393.0,-1040.0,405.0,47177.0,12492.0,0.43,1.94,1600.0,2016-12
13336.0,6367.0,3750.0,2388.0,2388.0,1580.0,1591.0,3800.0,16270.0,55045.0,27399.0,9307.0,91807.0,17365.0,44540.0,47267.0,91807.0,2539.0,3228.0,-883.0,4426.0,-883.0,2345.0,47267.0,12591.0,0.48,1.94,1564.88,2017-03
14238.0,6521.0,3788.0,2366.0,2366.0,1562.0,1572.0,4336.0,17151.0,56068.0,27733.0,9095.0,92752.0,17094.0,46701.0,46051.0,92752.0,2474.0,4100.0,-805.0,4499.0,-805.0,3295.0,46051.0,11419.0,0.46,2.01,1600.0,2017-06
12779.0,5565.0,2629.0,1747.0,1747.0,1538.0,1548.0,4017.0,15889.0,57443.0,28406.0,9871.0,95789.0,19595.0,49637.0,46152.0,95789.0,1865.0,3570.0,-895.0,3337.0,-895.0,2675.0,46152.0,7731.0,0.44,2.08,1500.0,2017-09
15351.0,6622.0,3793.0,4423.0,4423.0,1512.0,1521.0,4677.0,17274.0,58231.0,28584.0,10310.0,97734.0,19875.0,49509.0,48225.0,97734.0,4473.0,2237.0,-981.0,4535.0,-981.0,1256.0,48225.0,9865.0,0.43,2.03,1507.28,2017-12
14548.0,7007.0,4037.0,2937.0,2937.0,1503.0,1510.0,4179.0,16808.0,59635.0,29200.0,10475.0,97943.0,19728.0,48142.0,49801.0,97943.0,3115.0,4526.0,-1063.0,4768.0,-1063.0,3463.0,49801.0,11489.0,0.48,1.97,1500.0,2018-03
15229.0,6881.0,3924.0,2916.0,2916.0,1491.0,1498.0,4326.0,17729.0,59984.0,29373.0,10337.0,98792.0,20214.0,47584.0,51208.0,98792.0,3059.0,3679.0,-1220.0,4668.0,-1220.0,2459.0,51208.0,13010.0,0.45,1.93,1500.0,2018-06
14306.0,6198.0,3083.0,2322.0,2322.0,1490.0,1498.0,4150.0,16825.0,60304.0,29540.0,11253.0,98598.0,17860.0,44643.0,53955.0,98598.0,2419.0,3853.0,-1201.0,3877.0,-1201.0,2652.0,53955.0,15874.0,0.43,1.83,1500.0,2018-09
15303.0,6302.0,3418.0,2788.0,2788.0,1490.0,1498.0,4455.0,17537.0,60866.0,29797.0,11601.0,99941.0,17619.0,44424.0,55517.0,99941.0,2786.0,2099.0,-1195.0,4150.0,-1195.0,904.0,55517.0,17481.0,0.41,1.8,1490.0,2018-12
14922.0,6546.0,3388.0,5452.0,5452.0,1530.0,1537.0,10108.0,34277.0,64149.0,31017.0,42926.0,214342.0,44376.0,108900.0,105442.0,214342.0,5590.0,3880.0,-1195.0,4216.0,-1195.0,2685.0,105442.0,3400.0,0.44,2.03,1781.0,2019-03
20262.0,7425.0,2751.0,1760.0,1760.0,1802.0,1814.0,6728.0,31370.0,63480.0,31392.0,39926.0,209475.0,44593.0,104222.0,105253.0,209475.0,1615.0,-1393.0,-1177.0,4057.0,-1177.0,-2570.0,105253.0,2338.0,0.37,1.99,1781.0,2019-06
19118.0,7274.0,2274.0,1054.0,1054.0,1803.0,1816.0,5418.0,28124.0,64018.0,31603.0,27525.0,193984.0,31341.0,91132.0,102852.0,193984.0,906.0,2020.0,-1309.0,3575.0,-1309.0,711.0,102852.0,-656.0,0.38,1.89,1781.0,2019-09
20877.0,7843.0,2835.0,2107.0,2107.0,1805.0,1817.0,6833.0,27776.0,64952.0,31895.0,34982.0,200948.0,34797.0,97146.0,103802.0,200948.0,2168.0,1611.0,-1338.0,4134.0,-1338.0,273.0,103802.0,819.0,0.38,1.94,1781.0,2019-12
18025.0,6088.0,1361.0,460.0,460.0,1808.0,1816.0,14339.0,33274.0,65864.0,32151.0,35332.0,206294.0,35473.0,102321.0,103973.0,206294.0,528.0,3180.0,-1247.0,2695.0,-1247.0,1933.0,103973.0,1616.0,0.34,1.98,1781.0,2020-03
11779.0,3883.0,51.0,-4721.0,-4721.0,1809.0,1809.0,23115.0,41330.0,66530.0,31891.0,33995.0,207649.0,30917.0,108024.0,99625.0,207649.0,-4509.0,1160.0,-708.0,1428.0,-708.0,452.0,99625.0,2803.0,0.33,2.08,1781.0,2020-06
14707.0,3694.0,-453.0,-710.0,-710.0,1811.0,1811.0,17914.0,35251.0,67595.0,32078.0,33455.0,201549.0,26628.0,104037.0,97512.0,201549.0,-629.0,1667.0,-729.0,882.0,-729.0,938.0,97512.0,650.0,0.25,2.07,1807.06,2020-09
16249.0,4474.0,259.0,17.0,17.0,1812.0,1823.0,17068.0,34874.0,68643.0,32263.0,34272.0,201888.0,26546.0,103830.0,98058.0,201888.0,30.0,84.0,-760.0,1557.0,-760.0,-676.0,98058.0,1616.0,0.28,2.06,1781.0,2020-12
15613.0,5831.0,1446.0,901.0,901.0,1817.0,1829.0,15890.0,32877.0,69003.0,32137.0,34943.0,200250.0,26642.0,101054.0,99196.0,200250.0,1122.0,1388.0,-770.0,2718.0,-770.0,618.0,99196.0,3212.0,0.37,2.02,1781.0,2021-03
17022.0,5789.0,1355.0,918.0,918.0,1818.0,1830.0,16070.0,33966.0,69956.0,32377.0,36397.0,202221.0,27413.0,101607.0,100614.0,202221.0,1128.0,1460.0,-938.0,2621.0,-938.0,522.0,100614.0,5178.0,0.34,2.01,1781.0,2021-06
18534.0,6193.0,599.0,159.0,159.0,1816.0,1831.0,15959.0,33657.0,70544.0,32624.0,38207.0,203609.0,31077.0,101385.0,102224.0,203609.0,256.0,2635.0,-1110.0,1874.0,-1110.0,1525.0,102224.0,7038.0,0.33,1.99,1818.0,2021-09
21819.0,7252.0,2196.0,1104.0,1104.0,1819.0,1828.0,14444.0,32913.0,71186.0,32681.0,39542.0,203311.0,30037.0,99718.0,103593.0,203311.0,1200.0,-201.0,-981.0,3465.0,-981.0,-1182.0,103593.0,8967.0,0.33,1.96,1781.0,2021-12
19249.0,6655.0,1600.0,470.0,470.0,1822.0,1828.0,13272.0,31427.0,71700.0,32917.0,40859.0,202453.0,29601.0,98440.0,104013.0,202453.0,597.0,1765.0,-1079.0,2887.0,-1079.0,686.0,104013.0,10119.0,0.35,1.95,1781.0,2022-03
21504.0,7822.0,2432.0,1409.0,1409.0,1823.0,1825.0,12959.0,31422.0,72672.0,33583.0,42554.0,204074.0,30704.0,98216.0,105858.0,204074.0,1502.0,1922.0,-1735.0,3722.0,-1735.0,187.0,105858.0,12579.0,0.36,1.93,1781.0,2022-06
20150.0,542.0,542.0,162.0,162.0,1824.0,1826.0,11615.0,29098.0,72952.0,33596.0,44985.0,203631.0,29073.0,95253.0,108378.0,203631.0,254.0,2524.0,-1148.0,1859.0,-1148.0,1376.0,108378.0,15644.0,0.03,1.88,1781.0,2022-09
