Symbol,revenue,gross_profit,operating_income,net_income,net_income_available_to_shareholders,shares_basic,shares_diluted,cash_and_equiv,total_current_assets,ppe_gross,ppe_net,other_lt_assets,total_assets,total_current_liabilities,total_liabilities,total_equity,total_liabilities_and_equity,cfo_net_income,cf_cfo,cfi_ppe_net,ebitda,capex,fcf,book_value,tangible_book_value,gross_margin,assets_to_equity,shares_eop,period_end_date
F,40815.0,9760.0,806.0,896.0,896.0,1832.0,1991.111,19237.0,195821.0,63151.0,38151.0,48626.0,289324.0,103453.0,276922.0,12402.0,289324.0,901.0,7775.0,-1339.0,3359.0,-1339.0,6436.0,12402.0,5676.0,0.24,23.33,1830.34,2003-03
F,40670.0,8986.0,2339.0,417.0,417.0,1832.0,1895.455,17684.0,212619.0,64634.0,39634.0,47006.0,306189.0,108496.0,292436.0,13753.0,306189.0,412.0,6047.0,-1913.0,2339.0,-1913.0,4134.0,13753.0,6823.0,0.22,22.26,1831.97,2003-06
F,36742.0,8361.0,1931.0,-19.0,-19.0,1831.0,1831.0,27887.0,217232.0,67077.0,42077.0,43966.0,310328.0,106777.0,301549.0,8779.0,310328.0,-25.0,5637.0,-2362.0,1931.0,-2362.0,3275.0,8779.0,1726.0,0.23,35.35,1760.19,2003-09
F,46290.0,7664.0,660.0,-793.0,-793.0,1832.0,1894.118,23208.0,215942.0,73554.0,43506.0,32949.0,299397.0,49970.0,287087.0,12310.0,299397.0,-385.0,-2179.0,-1925.0,660.0,-1925.0,-4104.0,12310.0,5310.0,0.17,24.32,1760.19,2003-12
F,44723.0,10669.0,4497.0,1952.0,1952.0,1824.299,2076.596,18190.0,174032.0,71280.0,41168.0,90536.0,312909.0,60330.0,299287.0,13622.0,312909.0,1952.0,4868.0,-2216.0,4497.0,-2216.0,2652.0,13622.0,6449.0,0.24,22.97,1759.99,2004-03
F,42873.0,9249.0,3155.0,1165.0,1117.0,1745.313,1959.649,15648.0,207797.0,72437.0,42325.0,36305.0,293613.0,54652.0,279267.0,14346.0,293613.0,1165.0,7644.0,-439.0,3155.0,-439.0,7205.0,14346.0,7160.0,0.22,20.47,1758.94,2004-06
F,39121.0,8165.0,2145.0,266.0,216.0,1829.0,1829.0,17416.0,204914.0,73016.0,42904.0,33846.0,288678.0,54248.0,273796.0,14882.0,288678.0,266.0,7375.0,-1704.0,2145.0,-1704.0,5671.0,14882.0,7868.0,0.21,19.4,1830.0,2004-09
F,45599.0,8478.0,2752.0,-345.0,-345.0,1461.217,1755.58,22831.0,190854.0,75562.0,44549.0,52061.0,293858.0,93069.0,276936.0,16922.0,293858.0,-345.0,2111.0,1910.0,2752.0,1910.0,4021.0,16922.0,10528.0,0.19,17.37,1831.0,2004-12
F,45136.0,8016.0,1741.0,1212.0,1212.0,1836.364,2020.0,23345.0,195390.0,74408.0,43395.0,34792.0,280588.0,55561.0,264072.0,16516.0,280588.0,1212.0,5276.0,-1561.0,1741.0,-1561.0,3715.0,16516.0,9505.0,0.18,16.99,1840.0,2005-03
F,44548.0,7835.0,1725.0,946.0,946.0,1854.902,2012.766,30133.0,194265.0,73294.0,42281.0,33609.0,276834.0,97764.0,261825.0,15009.0,276834.0,946.0,9060.0,-2011.0,1725.0,-2011.0,7049.0,15009.0,8330.0,0.18,18.44,1853.05,2005-06
F,40510.0,7039.0,874.0,-576.0,-576.0,1858.065,1858.065,28200.0,173544.0,72900.0,41887.0,46792.0,268295.0,94373.0,253250.0,15045.0,268295.0,-644.0,5011.0,-4073.0,874.0,-4073.0,938.0,15045.0,8973.0,0.17,17.83,1858.0,2005-09
F,46264.0,7130.0,1073.0,-74.0,-74.0,1844.976,1844.976,28406.0,168741.0,73293.0,40676.0,54097.0,269459.0,95957.0,254895.0,14564.0,269459.0,714.0,1094.0,128.0,1073.0,128.0,1222.0,14564.0,8619.0,0.15,18.5,1864.14,2005-12
F,40789.0,4088.0,-506.0,-1423.0,-1423.0,1872.368,1872.368,21179.0,194194.0,73558.0,40941.0,27869.0,269076.0,99517.0,255905.0,13171.0,269076.0,-1423.0,-30.0,-1838.0,-506.0,-1838.0,-1868.0,13171.0,7099.0,0.1,20.43,1908.0,2006-03
F,41878.0,5697.0,1074.0,-317.0,-317.0,1864.706,1864.706,27985.0,201516.0,74256.0,41639.0,27401.0,276948.0,102068.0,261275.0,15673.0,276948.0,-325.0,9722.0,-1565.0,1074.0,-1565.0,8157.0,15673.0,9281.0,0.14,17.67,1908.0,2006-06
F,37095.0,-457.0,-4946.0,-5248.0,-5248.0,1873.0,1873.0,25511.0,168386.0,101404.0,68787.0,23896.0,267465.0,100103.0,257287.0,10178.0,267465.0,-5204.0,7285.0,-1839.0,-4946.0,-1839.0,5446.0,10178.0,3782.0,-0.01,26.28,1908.0,2006-09
F,40303.0,1775.0,-3667.0,-5625.0,-5625.0,1726.0,1726.0,28896.0,210348.0,71038.0,36055.0,26392.0,279196.0,75676.0,281502.0,-2306.0,279196.0,-5545.0,-7366.0,-1606.0,-3667.0,-1606.0,-8972.0,-2306.0,-5917.0,0.04,-121.07,1892.54,2006-12
F,43005.0,8231.0,2267.0,-282.0,-282.0,1880.0,1880.0,26867.0,180256.0,76156.0,37638.0,48008.0,272210.0,104098.0,274787.0,-2577.0,272210.0,-282.0,984.0,-1296.0,2267.0,-1296.0,-312.0,-2577.0,-8885.0,0.19,-105.63,1880.15,2007-03
F,44242.0,7939.0,2987.0,750.0,750.0,1875.0,2419.355,32000.0,186250.0,75821.0,37303.0,49321.0,279218.0,106466.0,279913.0,-695.0,279218.0,716.0,4249.0,-1341.0,2987.0,-1341.0,2908.0,-695.0,-7039.0,0.18,-401.75,2099.59,2007-06
F,41078.0,7840.0,2936.0,-380.0,-380.0,2003.0,2003.0,27437.0,214030.0,37831.0,37831.0,15154.0,276163.0,107228.0,273606.0,2557.0,276163.0,-318.0,8025.0,-1578.0,2936.0,-1578.0,6447.0,2557.0,-3930.0,0.19,108.0,2110.21,2007-09
F,44116.0,5664.0,323.0,-2811.0,-2811.0,2126.0,2126.0,35283.0,212090.0,72800.0,36239.0,26013.0,279264.0,76047.0,272215.0,7049.0,279264.0,-2711.0,3816.0,-1807.0,323.0,-1807.0,2009.0,7049.0,4980.0,0.13,39.62,2207.0,2007-12
F,43292.0,7836.0,2398.0,70.0,70.0,2188.0,2208.0,33751.0,178232.0,73568.0,37007.0,65610.0,282913.0,96822.0,274336.0,8577.0,282913.0,191.0,1056.0,-1490.0,2398.0,-1490.0,-434.0,8577.0,6513.0,0.18,32.99,2219.0,2008-03
F,41102.0,1108.0,-6795.0,-8697.0,-8697.0,2237.0,2237.0,30066.0,178817.0,68710.0,32149.0,52287.0,265297.0,96597.0,265521.0,-224.0,265297.0,-8616.0,1105.0,-1638.0,-6795.0,-1638.0,-533.0,-224.0,-2268.0,0.03,-1184.36,2269.0,2008-06
F,31746.0,6745.0,2170.0,-161.0,-161.0,2279.0,2279.0,24894.0,191594.0,30253.0,30253.0,15348.0,242065.0,83289.0,242596.0,-531.0,242065.0,-110.0,1108.0,-1747.0,2170.0,-1747.0,-639.0,-531.0,-2336.0,0.21,-455.87,2375.0,2008-09
F,28974.0,2323.0,-2133.0,-5978.0,-5978.0,2387.0,2387.0,22049.0,170856.0,58695.0,24143.0,21454.0,218298.0,64488.0,232825.0,-14527.0,218298.0,-6026.0,-3448.0,-1821.0,-2133.0,-1821.0,-5269.0,-14527.0,-14773.0,0.08,-15.03,2253.61,2008-12
F,24390.0,2977.0,-1117.0,-1427.0,-1427.0,2397.0,2397.0,21093.0,159341.0,23779.0,23779.0,18051.0,203134.0,85026.0,219611.0,-16477.0,203134.0,-1435.0,4016.0,-1069.0,-1117.0,-1069.0,2947.0,-16477.0,-16704.0,0.12,-12.33,2873.25,2009-03
F,26810.0,3464.0,-65.0,2261.0,2261.0,3002.0,3352.0,24011.0,155484.0,24801.0,24801.0,17928.0,200190.0,86333.0,209608.0,-9418.0,200190.0,2256.0,5351.0,-977.0,-65.0,-977.0,4374.0,-9418.0,-9653.0,0.13,-21.26,3236.0,2009-06
F,30272.0,5455.0,2450.0,997.0,997.0,3259.0,3587.0,25798.0,156638.0,24812.0,24812.0,19887.0,203106.0,87893.0,210376.0,-7270.0,203106.0,1013.0,5714.0,-944.0,2450.0,-944.0,4770.0,-7270.0,-7495.0,0.18,-27.94,3315.0,2009-09
F,34811.0,5521.0,2299.0,886.0,886.0,3306.0,3672.0,20894.0,130408.0,56045.0,22637.0,19193.0,192040.0,49696.0,199822.0,-7782.0,192040.0,878.0,396.0,-1069.0,2299.0,-1069.0,-673.0,-7782.0,-7947.0,0.16,-24.68,3337.0,2009-12
F,31566.0,6427.0,3338.0,2085.0,2085.0,3365.0,4569.0,24356.0,149111.0,22826.0,22826.0,17295.0,191968.0,79193.0,197405.0,-5437.0,191968.0,2085.0,2683.0,-1068.0,3338.0,-1068.0,1615.0,-5437.0,-5629.0,0.2,-35.31,3416.0,2010-03
F,35067.0,7239.0,4233.0,2599.0,2599.0,3411.0,4610.0,18322.0,139485.0,22210.0,22210.0,15349.0,179750.0,75207.0,183291.0,-3541.0,179750.0,2596.0,3774.0,-959.0,4233.0,-959.0,2815.0,-3541.0,-3724.0,0.21,-50.76,3446.0,2010-06
F,29893.0,5660.0,3042.0,1687.0,1687.0,3446.0,4174.0,17992.0,142867.0,22956.0,22956.0,8456.0,177078.0,76868.0,178818.0,-1740.0,177078.0,1688.0,3781.0,-919.0,3042.0,-919.0,2862.0,-1740.0,-1863.0,0.19,-101.77,3484.0,2010-09
F,32428.0,832.0,-2189.0,190.0,190.0,3572.0,4292.0,14805.0,119938.0,57079.0,23179.0,7224.0,164687.0,75091.0,165329.0,-642.0,164687.0,188.0,1239.0,-1146.0,-2189.0,-1146.0,93.0,-642.0,-744.0,0.03,-256.52,3778.0,2010-12
F,33114.0,6338.0,3604.0,2551.0,2551.0,3771.0,4266.0,21318.0,133222.0,23407.0,23407.0,8139.0,167391.0,78238.0,164926.0,2465.0,167391.0,2556.0,2497.0,-929.0,3604.0,-929.0,1568.0,2465.0,2367.0,0.19,67.91,3813.0,2011-03
F,35527.0,6274.0,3346.0,2398.0,2398.0,3799.0,4102.0,17472.0,133208.0,23263.0,23263.0,8919.0,168086.0,78159.0,162736.0,5350.0,168086.0,2400.0,3729.0,-1093.0,3346.0,-1093.0,2636.0,5350.0,5247.0,0.18,31.42,3815.0,2011-06
F,33047.0,5430.0,2569.0,1649.0,1649.0,3800.0,4031.0,16460.0,129555.0,22304.0,22304.0,8173.0,162740.0,76925.0,156714.0,6026.0,162740.0,1652.0,3793.0,-1113.0,2569.0,-1113.0,2680.0,6026.0,5926.0,0.16,27.01,3816.0,2011-09
F,33917.0,338.0,-2008.0,13615.0,13615.0,3802.0,4042.0,17148.0,120208.0,68083.0,35209.0,19895.0,178348.0,73038.0,163277.0,15071.0,178348.0,13614.0,-235.0,-1158.0,-2008.0,-1158.0,-1393.0,15071.0,14971.0,0.01,11.83,3816.0,2011-12
F,32445.0,4685.0,1823.0,1396.0,1396.0,3803.0,4055.0,15244.0,136335.0,23150.0,23150.0,19529.0,182075.0,50969.0,165425.0,16650.0,182075.0,1398.0,2075.0,-1093.0,1823.0,-1093.0,982.0,16650.0,16553.0,0.14,10.94,3834.0,2012-03
F,33211.0,4543.0,1583.0,1040.0,1040.0,3815.0,4014.0,15101.0,136320.0,22808.0,22808.0,19075.0,181236.0,77305.0,164157.0,17079.0,181236.0,1038.0,3904.0,-1191.0,1583.0,-1191.0,2713.0,17079.0,16984.0,0.14,10.61,3835.0,2012-06
F,32172.0,4758.0,1784.0,1631.0,1631.0,3814.0,3972.0,13539.0,138929.0,24347.0,24347.0,18599.0,184680.0,51630.0,165474.0,19206.0,184680.0,1633.0,3427.0,-1319.0,1784.0,-1319.0,2108.0,19206.0,19117.0,0.15,9.62,3837.0,2012-09
F,35731.0,3419.0,609.0,1546.0,1546.0,3827.0,4009.0,15659.0,125174.0,73080.0,40245.0,20654.0,189406.0,73428.0,173095.0,16311.0,189406.0,1543.0,-361.0,-1885.0,609.0,-1885.0,-2246.0,16311.0,16224.0,0.1,11.61,3946.0,2012-12
F,35649.0,4938.0,1774.0,1611.0,1611.0,3923.0,4072.0,13820.0,126542.0,43060.0,43060.0,20033.0,193010.0,74675.0,175048.0,17962.0,193010.0,1612.0,211.0,-1483.0,1774.0,-1483.0,-1272.0,17962.0,17878.0,0.14,10.75,3960.0,2013-03
F,37923.0,4694.0,1438.0,1233.0,1233.0,3933.0,4084.0,13362.0,128519.0,45714.0,45714.0,18672.0,196210.0,81637.0,176661.0,19549.0,196210.0,1234.0,6078.0,-1594.0,1438.0,-1594.0,4484.0,19549.0,19467.0,0.12,10.04,3970.0,2013-06
F,35775.0,4983.0,1702.0,1272.0,1272.0,3942.0,4096.0,14752.0,131650.0,47795.0,47795.0,18074.0,201071.0,83287.0,180232.0,20839.0,201071.0,1273.0,3840.0,-1582.0,1702.0,-1582.0,2258.0,20839.0,20753.0,0.14,9.65,3982.0,2013-09
F,37570.0,9252.0,7895.0,7837.0,7837.0,3941.0,4090.0,14468.0,131585.0,79076.0,47600.0,19230.0,202179.0,74131.0,175703.0,26476.0,202179.0,7827.0,315.0,-1938.0,7895.0,-1938.0,-1623.0,26476.0,26391.0,0.25,7.64,3984.0,2013-12
F,35876.0,4177.0,766.0,989.0,989.0,3946.0,4094.0,12983.0,135264.0,48471.0,48471.0,19365.0,207082.0,83617.0,179944.0,27138.0,207082.0,989.0,2220.0,-1516.0,766.0,-1516.0,704.0,27138.0,27138.0,0.12,7.63,3995.0,2014-03
F,37411.0,5481.0,1901.0,1311.0,1311.0,3940.0,4088.0,11573.0,137913.0,51363.0,51363.0,18313.0,210945.0,87505.0,183801.0,27144.0,210945.0,1315.0,4750.0,-1912.0,1901.0,-1912.0,2838.0,27144.0,27144.0,0.15,7.77,3998.0,2014-06
F,34920.0,4050.0,492.0,835.0,835.0,3861.0,4010.0,13320.0,134284.0,53058.0,53058.0,18390.0,208835.0,86844.0,182331.0,26504.0,208835.0,833.0,5369.0,-1881.0,492.0,-1881.0,3488.0,26504.0,26504.0,0.12,7.88,4005.0,2014-09
F,35870.0,5344.0,4051.0,-1904.0,-1904.0,3903.0,3903.0,10757.0,131839.0,82477.0,53343.0,19943.0,208615.0,77119.0,183808.0,24807.0,208615.0,-1907.0,2168.0,-2154.0,4051.0,-2154.0,14.0,24807.0,24674.0,0.15,8.41,4009.0,2014-12
F,33900.0,4781.0,1243.0,1153.0,1153.0,3963.0,4001.0,12368.0,134791.0,53526.0,53526.0,20429.0,212374.0,84408.0,187311.0,25063.0,212374.0,1154.0,2413.0,-1800.0,1243.0,-1800.0,613.0,25063.0,25063.0,0.14,8.47,4029.0,2015-03
F,37263.0,6937.0,4393.0,2160.0,2160.0,3974.0,4007.0,12897.0,136227.0,56898.0,56898.0,19451.0,216045.0,86159.0,189597.0,26448.0,216045.0,2161.0,7623.0,-3533.0,4393.0,-3533.0,4090.0,26448.0,26448.0,0.19,8.17,4030.0,2015-06
F,38144.0,6931.0,4545.0,2192.0,2192.0,3969.0,3999.0,14686.0,139924.0,57044.0,57044.0,18958.0,219431.0,85927.0,191853.0,27578.0,219431.0,2192.0,14078.0,-5358.0,4545.0,-5358.0,8720.0,27578.0,27578.0,0.18,7.96,4031.0,2015-09
F,40251.0,5816.0,2455.0,1868.0,1868.0,3972.0,4002.0,14272.0,102587.0,85059.0,57256.0,61728.0,224925.0,82336.0,196174.0,28751.0,224925.0,1864.0,2148.0,-1838.0,2455.0,-1838.0,310.0,28751.0,28621.0,0.14,7.82,4031.0,2015-12
F,37718.0,7201.0,4511.0,2452.0,2452.0,3970.0,3996.0,15917.0,154775.0,59398.0,59398.0,19295.0,237288.0,95714.0,207572.0,29716.0,237288.0,2455.0,4149.0,-1511.0,4511.0,-1511.0,2638.0,29716.0,29716.0,0.19,7.99,4045.0,2016-03
F,39485.0,6963.0,4179.0,1970.0,1970.0,3973.0,3997.0,17063.0,110767.0,61408.0,61408.0,64154.0,239678.0,89408.0,208429.0,31249.0,239678.0,1972.0,11834.0,-3206.0,4179.0,-3206.0,8628.0,31249.0,31249.0,0.18,7.67,4046.0,2016-06
F,35943.0,5275.0,2618.0,957.0,957.0,3974.0,4000.0,13340.0,103515.0,61453.0,61453.0,66200.0,234963.0,89188.0,203368.0,31595.0,234963.0,961.0,16994.0,-4912.0,2618.0,-4912.0,12082.0,31595.0,31595.0,0.15,7.44,4047.0,2016-09
F,38654.0,6166.0,3325.0,-790.0,-790.0,3976.0,4005.0,15905.0,108461.0,88705.0,60901.0,65037.0,237951.0,90281.0,208668.0,29283.0,237951.0,-788.0,2798.0,-2080.0,3325.0,-2080.0,718.0,29283.0,29035.0,0.16,8.13,3931.0,2016-12
F,39146.0,6446.0,3682.0,1592.0,1592.0,3976.0,3999.0,17823.0,113228.0,60582.0,60582.0,66642.0,244094.0,91304.0,213356.0,30738.0,244094.0,1599.0,4336.0,-1706.0,3682.0,-1706.0,2630.0,30738.0,30738.0,0.16,7.94,4055.0,2017-03
F,39853.0,4308.0,1552.0,2047.0,2047.0,3977.0,3996.0,16223.0,113539.0,62391.0,62391.0,68298.0,247469.0,94299.0,215110.0,32359.0,247469.0,2055.0,5615.0,-1558.0,1552.0,-1558.0,4057.0,32359.0,32359.0,0.11,7.65,4057.0,2017-06
F,36451.0,3917.0,998.0,1572.0,1572.0,3972.0,3996.0,17589.0,112732.0,63474.0,63474.0,71723.0,251273.0,94352.0,217913.0,33360.0,251273.0,1579.0,4998.0,-1672.0,998.0,-1672.0,3326.0,33360.0,33360.0,0.11,7.53,4057.0,2017-09
F,41326.0,13002.0,9914.0,2520.0,2520.0,3975.0,4004.0,18492.0,116801.0,93424.0,63562.0,74760.0,258496.0,94600.0,222792.0,35704.0,258496.0,2524.0,3147.0,-2113.0,9914.0,-2113.0,1034.0,35704.0,35416.0,0.31,7.24,4058.0,2017-12
F,41959.0,6206.0,3459.0,1736.0,1736.0,3974.0,3997.0,17940.0,123264.0,64449.0,64449.0,76030.0,267230.0,99878.0,230696.0,36534.0,267230.0,1745.0,3514.0,-1779.0,3459.0,-1779.0,1735.0,36534.0,36260.0,0.15,7.31,4069.0,2018-03
F,38920.0,5726.0,2948.0,1066.0,1066.0,3977.0,3999.0,16828.0,115025.0,64945.0,64945.0,74749.0,258079.0,94861.0,221511.0,36568.0,258079.0,1069.0,4972.0,-1909.0,2948.0,-1909.0,3063.0,36568.0,36295.0,0.15,7.06,4070.0,2018-06
F,37666.0,6098.0,3216.0,991.0,991.0,3976.0,4000.0,18562.0,114843.0,65302.0,65302.0,75690.0,258966.0,94750.0,222248.0,36718.0,258966.0,993.0,5179.0,-1981.0,3216.0,-1981.0,3198.0,36718.0,36445.0,0.16,7.05,4070.0,2018-09
F,41793.0,6039.0,3043.0,-116.0,-116.0,3968.0,3995.0,16718.0,114649.0,95540.0,65297.0,73443.0,256540.0,95569.0,220474.0,36066.0,256540.0,-112.0,1357.0,-2116.0,3043.0,-2116.0,-759.0,36066.0,35624.0,0.14,7.11,4071.0,2018-12
F,40342.0,6400.0,3557.0,1146.0,1146.0,3973.0,3997.0,20848.0,121195.0,65374.0,65374.0,73843.0,263281.0,99237.0,226712.0,36569.0,263281.0,1183.0,3544.0,-1633.0,5699.0,-1633.0,1911.0,36569.0,36305.0,0.16,7.2,4082.0,2019-03
F,38853.0,5196.0,2471.0,148.0,148.0,3984.0,4013.0,22117.0,118351.0,66379.0,66379.0,74552.0,262184.0,98334.0,226048.0,36136.0,262184.0,150.0,6463.0,-1920.0,4730.0,-1920.0,4543.0,36136.0,35871.0,0.13,7.26,4082.0,2019-06
F,36990.0,4708.0,2107.0,425.0,425.0,3970.0,4007.0,20523.0,115754.0,64856.0,64856.0,74633.0,258157.0,99087.0,222770.0,35387.0,258157.0,423.0,4732.0,-1805.0,4125.0,-1805.0,2927.0,35387.0,35096.0,0.13,7.3,4082.0,2019-09
F,39715.0,4903.0,1911.0,-1672.0,-1672.0,3960.0,3998.0,17504.0,114047.0,96719.0,65699.0,75806.0,258537.0,98132.0,225307.0,33230.0,258537.0,-1672.0,2900.0,-2274.0,3982.0,-2274.0,626.0,33230.0,32764.0,0.12,7.78,3964.93,2019-12
F,34320.0,3798.0,1366.0,-1993.0,-1993.0,3963.0,3963.0,25971.0,124276.0,63808.0,63808.0,73513.0,264150.0,94494.0,234452.0,29698.0,264150.0,-1993.0,-473.0,-1780.0,3508.0,-1780.0,-2253.0,29698.0,29420.0,0.11,8.89,4094.0,2020-03
F,19371.0,1439.0,-526.0,1117.0,1117.0,3975.0,3992.0,30989.0,124111.0,62992.0,62992.0,77358.0,269366.0,92780.0,238511.0,30855.0,269366.0,1118.0,9115.0,-1175.0,1544.0,-1175.0,7940.0,30855.0,30601.0,0.07,8.73,4096.0,2020-06
F,37501.0,6278.0,4012.0,2385.0,2385.0,3976.0,4005.0,24263.0,111765.0,64013.0,64013.0,79166.0,259943.0,93159.0,226782.0,33161.0,259943.0,2390.0,11088.0,-1256.0,5532.0,-1256.0,9832.0,33161.0,32903.0,0.17,7.84,4096.0,2020-09
F,35952.0,2877.0,-653.0,-2788.0,-2788.0,3979.0,3979.0,25243.0,116744.0,97882.0,65034.0,80180.0,267261.0,97192.0,236450.0,30811.0,267261.0,-2791.0,4539.0,-1531.0,1072.0,-1531.0,3008.0,30811.0,30409.0,0.08,8.67,4096.0,2020-12
F,36228.0,6931.0,4088.0,3262.0,3262.0,3980.0,4016.0,21826.0,113932.0,64172.0,64172.0,77455.0,260819.0,94249.0,226845.0,33974.0,260819.0,3262.0,4492.0,-1368.0,5830.0,-1368.0,3124.0,33974.0,33408.0,0.19,7.68,4108.85,2021-03
F,26752.0,3848.0,971.0,561.0,561.0,3992.0,4028.0,22955.0,101275.0,64285.0,64285.0,77649.0,248532.0,83474.0,213748.0,34784.0,248532.0,553.0,756.0,-1513.0,2153.0,-1513.0,-757.0,34784.0,34043.0,0.14,7.15,4112.0,2021-06
F,35683.0,5626.0,2679.0,1832.0,1832.0,3995.0,4036.0,27429.0,106968.0,63337.0,63337.0,77049.0,252677.0,89033.0,215973.0,36704.0,252677.0,-7226.0,427.0,-1920.0,4548.0,-1920.0,-1493.0,36704.0,36009.0,0.16,6.88,4113.0,2021-09
F,37678.0,5285.0,2037.0,12282.0,12282.0,3997.0,4055.0,20540.0,108996.0,95842.0,63500.0,79264.0,257035.0,90727.0,208413.0,48622.0,257035.0,21321.0,10112.0,-1426.0,3204.0,-1426.0,8686.0,48622.0,47892.0,0.14,5.29,4121.0,2021-12
F,34476.0,5440.0,2700.0,-3110.0,-3110.0,4008.0,4008.0,21013.0,106142.0,62171.0,62171.0,79750.0,252986.0,90352.0,207902.0,45084.0,252986.0,-3119.0,-1084.0,-1370.0,4247.0,-1370.0,-2454.0,45084.0,44467.0,0.16,5.61,4137.0,2022-03
F,40190.0,6999.0,4240.0,667.0,667.0,4021.0,4052.0,19516.0,100469.0,60695.0,60695.0,79800.0,245755.0,86452.0,201518.0,44237.0,245755.0,638.0,2947.0,-1699.0,5859.0,-1699.0,1248.0,44237.0,43642.0,0.17,5.56,4138.0,2022-06
F,39392.0,5038.0,2191.0,-827.0,-827.0,4021.0,4021.0,21548.0,108088.0,59084.0,59084.0,76616.0,246919.0,90167.0,204830.0,42089.0,246919.0,8118.0,10393.0,-1386.0,3469.0,-1386.0,9007.0,42089.0,41514.0,0.13,5.87,4138.0,2022-09
COST,10521.478,1301.356,254.818,160.175,160.175,457.632,480.348,1801.52,6617.83,9299.707,7159.27,549.19,14326.29,5949.786,7461.111,6865.179,14326.29,160.175,703.281,-221.637,352.157,-221.637,481.644,6865.179,6865.179,0.12,2.09,457.793,2003-11
COST,11548.974,1446.997,355.176,226.792,226.792,458.228,481.537,2175.937,6499.595,9434.673,7202.888,574.985,14277.468,5587.47,7104.26,7173.208,14277.468,226.792,569.403,-108.205,457.65,-108.205,461.198,7173.208,7173.208,0.13,1.99,458.776,2004-02
COST,10897.239,1356.927,310.147,198.658,198.658,459.074,482.485,2492.928,6925.409,9442.569,7148.721,541.152,14615.282,5844.395,7341.26,7274.022,14615.282,198.658,345.965,-85.024,413.908,-85.024,260.941,7274.022,7274.022,0.12,2.01,459.39,2004-05
COST,15142.216,1912.611,465.507,296.768,296.768,461.959,485.651,2823.135,7269.099,9541.376,7219.829,603.62,15092.548,6170.55,7408.472,7684.076,15092.548,296.768,477.616,-235.354,602.654,-235.354,242.262,7684.076,7684.076,0.13,1.96,462.637,2004-08
COST,11578.003,1445.516,300.645,193.153,193.153,465.869,489.284,2884.999,8387.021,9927.861,7454.743,568.554,16410.318,7036.385,8140.587,8269.731,16410.318,193.153,44.534,-206.48,408.705,-206.48,-161.946,8269.731,8269.731,0.12,1.98,471.873,2004-11
COST,12658.077,1602.013,389.895,305.452,305.452,474.221,493.7,3043.335,8363.116,10070.508,7516.21,569.741,16449.067,6774.381,7773.605,8675.462,16449.067,305.452,719.74,-197.105,500.009,-197.105,522.635,8675.462,8675.462,0.13,1.9,477.4,2005-02
COST,11996.9,1493.239,316.139,209.788,209.788,478.248,493.282,2725.116,8569.366,10277.597,7629.579,583.474,16782.419,6871.345,7862.059,8920.36,16782.419,209.788,493.627,-217.836,427.55,-217.836,275.791,8920.36,8920.36,0.12,1.88,479.287,2005-05
COST,16719.246,2064.497,484.017,354.699,354.699,477.485,491.399,2062.585,8238.001,10487.03,7790.192,637.012,16665.205,6760.537,7725.482,8939.723,16665.205,354.699,518.06,-354.578,636.27,-354.578,163.482,8939.723,8939.723,0.12,1.86,472.48,2005-08
COST,12933.346,1603.175,325.495,215.818,215.818,472.717,486.367,2008.88,8842.185,10704.204,7915.639,624.396,17382.22,7454.831,8255.657,9126.563,17382.22,215.818,133.573,-262.91,439.634,-262.91,-129.337,9126.563,9126.563,0.12,1.9,475.828,2005-11
COST,14059.012,1755.162,432.744,296.203,296.203,471.889,482.127,2239.786,8452.13,10974.062,8066.278,657.158,17175.566,7250.021,8048.368,9127.198,17175.566,296.203,810.205,-232.226,543.002,-232.226,577.979,9127.198,9127.198,0.12,1.88,469.635,2006-02
COST,13283.648,1648.596,355.889,235.595,235.595,470.516,480.533,2010.448,8347.133,11307.37,8274.019,663.175,17284.327,7492.306,7983.484,9300.843,17284.327,235.595,284.851,-253.737,483.915,-253.737,31.114,9300.843,9300.843,0.12,1.86,469.802,2006-05
COST,19875.221,2398.797,515.746,355.599,355.599,463.775,472.565,1510.939,8232.082,11642.436,8564.295,698.693,17495.07,7819.191,8288.273,9206.797,17495.07,355.599,598.661,-447.954,678.608,-447.954,150.707,9206.797,9206.797,0.12,1.9,462.279,2006-08
COST,14151.624,1762.666,357.472,236.886,236.886,458.873,467.836,1843.101,8864.259,12018.097,8831.818,719.097,18415.174,8946.859,9378.733,9036.441,18415.174,236.886,407.49,-385.392,484.448,-385.392,22.098,9036.441,9036.441,0.12,2.04,455.392,2006-11
COST,15112.016,1860.264,364.787,249.478,249.478,450.901,461.575,1571.905,8275.765,12206.633,8916.771,732.685,17925.221,8664.5,9070.673,8854.548,17925.221,249.478,318.425,-271.303,496.406,-271.303,47.122,8854.548,8854.548,0.12,2.02,449.327,2007-02
COST,14659.255,1781.668,339.996,223.986,223.986,445.471,455.889,3160.936,9690.443,12526.084,9098.325,749.717,19538.485,8586.754,10989.523,8548.962,19538.485,223.986,827.699,-219.306,469.826,-219.306,608.393,8548.962,8548.962,0.12,2.29,440.23,2007-05
COST,20477.26,2545.855,546.331,372.422,372.422,435.404,445.458,2779.733,9324.153,13068.516,9519.78,762.653,19606.586,8581.753,10913.928,8692.658,19606.586,372.422,522.79,-495.644,724.291,-495.644,27.146,8692.658,8692.658,0.12,2.26,437.013,2007-08
COST,15810.0,1986.0,395.0,262.0,262.0,435.09,445.717,2742.354,10301.909,13633.514,9919.546,782.614,21004.069,9693.755,12171.181,8832.888,21004.069,262.0,271.0,-432.0,536.0,-432.0,-161.0,8832.888,8832.888,0.13,2.38,434.962,2007-11
COST,16959.886,2126.697,504.332,327.85,327.85,434.779,444.925,2267.381,9669.405,13870.54,10047.942,951.53,20668.877,9169.089,11648.916,9019.961,20668.877,327.831,582.388,-336.284,649.874,-336.284,246.104,9019.961,9019.961,0.13,2.29,434.23,2008-02
COST,16614.0,2066.0,475.0,295.0,295.0,433.678,443.281,2848.658,10078.466,14200.181,10249.026,875.858,21203.35,9525.513,12010.723,9192.627,21203.35,295.169,909.612,-365.716,624.458,-365.716,543.896,9192.627,9192.627,0.12,2.31,435.056,2008-05
COST,23100.0,2802.0,598.0,398.0,398.0,434.223,443.823,2619.429,9462.045,14329.222,10354.996,865.307,20682.348,8874.165,11408.43,9273.918,20682.348,410.0,443.0,-417.0,815.0,-417.0,26.0,9273.918,9273.918,0.12,2.23,432.513,2008-08
COST,16395.0,2119.0,422.0,263.0,263.0,432.451,440.533,2215.0,10100.0,14181.0,10192.0,705.0,20997.0,9538.0,12061.0,8936.0,20997.0,266.0,-15.0,-375.0,577.0,-375.0,-390.0,8936.0,8936.0,0.13,2.35,433.17,2008-11
COST,16843.0,2072.0,398.0,239.0,239.0,433.476,439.688,2705.0,9691.0,14485.0,10354.0,692.0,20737.0,8998.0,11528.0,9209.0,20737.0,243.0,865.0,-292.0,559.0,-292.0,573.0,9209.0,9209.0,0.12,2.25,434.027,2009-02
COST,15806.0,2030.0,359.0,210.0,210.0,434.354,439.997,3083.0,10087.0,14800.0,10498.0,719.0,21304.0,9259.0,11740.0,9564.0,21304.0,212.0,693.0,-225.0,530.0,-225.0,468.0,9564.0,9564.0,0.13,2.23,434.88,2009-05
COST,22378.0,2866.0,598.0,374.0,374.0,435.674,441.831,3157.0,10337.0,15323.0,10900.0,349.0,21979.0,9281.0,11875.0,10104.0,21979.0,378.0,549.0,-351.0,839.0,-351.0,198.0,10104.0,10033.0,0.13,2.18,435.974,2009-08
COST,17299.0,2218.0,428.0,266.0,266.0,437.173,444.849,3617.0,11627.0,15708.0,11115.0,736.0,23478.0,10285.0,13047.0,10431.0,23478.0,270.0,751.0,-312.0,612.0,-312.0,439.0,10431.0,10431.0,0.13,2.25,439.325,2009-11
COST,18742.0,2346.0,470.0,299.0,299.0,439.786,446.918,4134.0,11501.0,15857.0,11105.0,760.0,23366.0,9865.0,12623.0,10743.0,23366.0,305.0,609.0,-192.0,655.0,-192.0,417.0,10743.0,10743.0,0.13,2.17,440.507,2010-02
COST,24125.0,3101.0,688.0,432.0,432.0,436.526,443.753,3214.0,11708.0,16360.0,11314.0,365.0,23815.0,10063.0,12885.0,10930.0,23815.0,437.0,611.0,-410.0,934.0,-410.0,201.0,10930.0,10859.0,0.13,2.18,433.51,2010-08
COST,19239.0,2482.0,525.0,312.0,312.0,434.099,441.36,3739.0,13558.0,17449.0,12019.0,466.0,26043.0,11502.0,14336.0,11707.0,26043.0,332.0,720.0,-299.0,716.0,-299.0,421.0,11707.0,11707.0,0.13,2.22,436.312,2010-11
COST,28178.0,3498.0,762.0,478.0,478.0,436.737,444.195,4009.0,13706.0,18368.0,12432.0,623.0,26761.0,12050.0,14188.0,12573.0,26761.0,500.0,941.0,-465.0,1035.0,-465.0,476.0,12573.0,12573.0,0.12,2.13,434.266,2011-08
COST,21628.0,2697.0,543.0,320.0,320.0,434.222,440.615,4319.0,14993.0,18439.0,12381.0,630.0,28004.0,13311.0,15557.0,12447.0,28004.0,328.0,664.0,-336.0,748.0,-336.0,328.0,12447.0,12447.0,0.12,2.25,435.204,2011-11
COST,22967.0,2828.0,644.0,394.0,394.0,434.535,439.468,4389.0,14360.0,18787.0,12519.0,632.0,27511.0,12409.0,14692.0,12819.0,27511.0,412.0,580.0,-289.0,853.0,-289.0,291.0,12819.0,12819.0,0.12,2.15,433.973,2012-02
COST,22324.0,2781.0,623.0,386.0,386.0,433.791,439.166,4791.0,14591.0,19039.0,12596.0,649.0,27836.0,12366.0,14653.0,13183.0,27836.0,405.0,1083.0,-268.0,825.0,-268.0,815.0,13183.0,13183.0,0.12,2.11,432.345,2012-05
COST,32218.0,4008.0,949.0,609.0,609.0,431.94,438.248,3528.0,13526.0,19546.0,12961.0,587.0,27140.0,12260.0,14622.0,12518.0,27140.0,622.0,730.0,-580.0,1241.0,-580.0,150.0,12518.0,12452.0,0.12,2.17,432.35,2012-08
COST,23715.0,2989.0,639.0,416.0,416.0,433.423,438.643,3897.0,15405.0,20023.0,13251.0,667.0,29323.0,14135.0,16491.0,12832.0,29323.0,421.0,1102.0,-488.0,852.0,-488.0,614.0,12832.0,12832.0,0.13,2.29,434.824,2012-11
COST,24871.0,3105.0,738.0,547.0,547.0,435.975,439.812,4413.0,15110.0,20319.0,13386.0,593.0,29089.0,13045.0,18806.0,10283.0,29089.0,554.0,423.0,-455.0,955.0,-455.0,-32.0,10283.0,10283.0,0.12,2.83,436.336,2013-02
COST,24083.0,3045.0,722.0,459.0,459.0,436.488,440.78,5448.0,15863.0,20637.0,13546.0,597.0,30006.0,13509.0,19359.0,10647.0,30006.0,1439.0,2874.0,-1379.0,1373.0,-1379.0,1495.0,10647.0,10647.0,0.13,2.82,436.684,2013-05
COST,32487.0,4069.0,954.0,617.0,617.0,437.085,442.834,4644.0,15840.0,21022.0,13881.0,562.0,30283.0,13257.0,19271.0,11012.0,30283.0,622.0,563.0,-704.0,1249.0,-704.0,-141.0,11012.0,11012.0,0.13,2.75,436.839,2013-08
COST,25017.0,3193.0,668.0,425.0,425.0,437.97,442.42,4699.0,17473.0,21587.0,14254.0,592.0,32319.0,14933.0,20910.0,11409.0,32319.0,431.0,939.0,-574.0,899.0,-574.0,365.0,11409.0,11409.0,0.13,2.83,439.722,2013-11
COST,26306.0,3263.0,724.0,463.0,463.0,439.776,442.829,5130.0,16634.0,21834.0,14348.0,584.0,31566.0,13884.0,19857.0,11709.0,31566.0,473.0,713.0,-447.0,964.0,-447.0,266.0,11709.0,11709.0,0.12,2.7,439.878,2014-02
COST,25794.0,3240.0,737.0,473.0,473.0,439.446,442.72,5736.0,17533.0,22267.0,14583.0,585.0,32701.0,14687.0,20680.0,12021.0,32701.0,1383.0,3142.0,-1426.0,1445.0,-1426.0,1716.0,12021.0,12021.0,0.13,2.72,438.296,2014-05
COST,35523.0,4486.0,1091.0,697.0,697.0,437.598,441.987,5738.0,17588.0,22675.0,14830.0,606.0,33024.0,14412.0,20509.0,12515.0,33024.0,-199.0,-810.0,454.0,941.0,454.0,-356.0,12515.0,12515.0,0.13,2.64,437.683,2014-08
COST,26866.0,3481.0,770.0,496.0,496.0,438.76,442.21,5969.0,19156.0,22759.0,14798.0,659.0,34613.0,16019.0,22043.0,12570.0,34613.0,505.0,1128.0,-555.0,1024.0,-555.0,573.0,12570.0,12570.0,0.13,2.75,440.499,2014-11
COST,27454.0,3557.0,877.0,598.0,598.0,440.384,442.896,5866.0,18058.0,22884.0,14872.0,670.0,33600.0,18249.0,23175.0,10425.0,33600.0,607.0,900.0,-612.0,1137.0,-612.0,288.0,10425.0,10425.0,0.13,3.22,439.974,2015-02
COST,26101.0,3414.0,821.0,516.0,516.0,440.07,443.132,5063.0,17634.0,23315.0,15083.0,774.0,33491.0,16736.0,22677.0,10814.0,33491.0,1631.0,3257.0,-1588.0,1597.0,-1588.0,1669.0,10814.0,10814.0,0.13,3.1,439.488,2015-05
COST,35778.0,4682.0,1156.0,767.0,767.0,438.621,442.701,4801.0,16779.0,23664.0,15401.0,837.0,33017.0,16539.0,22174.0,10843.0,33017.0,778.0,1028.0,-805.0,1507.0,-805.0,223.0,10843.0,10843.0,0.13,3.05,437.952,2015-08
COST,27220.0,3599.0,767.0,480.0,480.0,438.342,441.386,5054.0,18858.0,24356.0,15867.0,726.0,35451.0,18293.0,24371.0,11080.0,35451.0,487.0,811.0,-715.0,1038.0,-715.0,96.0,11080.0,11080.0,0.13,3.2,439.777,2015-11
COST,28170.0,3701.0,856.0,546.0,546.0,439.648,441.559,3633.0,15529.0,24702.0,16065.0,794.0,32388.0,15433.0,21154.0,11234.0,32388.0,555.0,791.0,-624.0,1141.0,-624.0,167.0,11234.0,11234.0,0.13,2.88,439.035,2016-02
COST,26769.0,3607.0,858.0,545.0,545.0,438.815,441.066,4884.0,16542.0,25452.0,16491.0,840.0,33873.0,16999.0,22125.0,11748.0,33873.0,549.0,1859.0,-461.0,1149.0,-461.0,1398.0,11748.0,11748.0,0.13,2.88,438.066,2016-05
COST,36560.0,4911.0,1191.0,779.0,779.0,437.55,441.089,3379.0,15218.0,26167.0,17043.0,902.0,33163.0,15575.0,20831.0,12332.0,33163.0,785.0,-169.0,-849.0,1599.0,-849.0,-1018.0,12332.0,12332.0,0.13,2.69,437.524,2016-08
COST,28099.0,3811.0,849.0,545.0,545.0,438.007,440.525,4805.0,18570.0,26438.0,17156.0,806.0,36532.0,19161.0,24301.0,12231.0,36532.0,555.0,2793.0,-667.0,1146.0,-667.0,2126.0,12231.0,12231.0,0.14,2.99,439.24,2016-11
COST,29766.0,3839.0,844.0,515.0,515.0,439.127,440.657,4744.0,17460.0,26891.0,17342.0,828.0,35630.0,18860.0,22918.0,12712.0,35630.0,521.0,493.0,-516.0,1156.0,-516.0,-23.0,12712.0,12712.0,0.13,2.8,438.941,2017-02
COST,28860.0,3890.0,968.0,700.0,700.0,438.817,441.056,4538.0,17256.0,27324.0,17535.0,840.0,35631.0,21394.0,25446.0,10185.0,35631.0,706.0,1606.0,-540.0,1288.0,-540.0,1066.0,10185.0,10185.0,0.13,3.5,438.593,2017-05
COST,42300.0,5603.0,1450.0,919.0,919.0,437.798,441.513,4546.0,17317.0,28341.0,18161.0,869.0,36347.0,17495.0,25268.0,11079.0,36347.0,932.0,1834.0,-779.0,1891.0,-779.0,1055.0,11079.0,11079.0,0.13,3.28,437.204,2017-08
COST,31809.0,4192.0,951.0,640.0,640.0,437.965,440.851,5689.0,19897.0,29109.0,18682.0,799.0,39378.0,20360.0,28022.0,11356.0,39378.0,651.0,2006.0,-820.0,1286.0,-820.0,1186.0,11356.0,11356.0,0.13,3.47,439.185,2017-11
COST,32995.0,4262.0,1016.0,701.0,701.0,439.022,441.568,4781.0,18899.0,29803.0,19049.0,755.0,38703.0,18913.0,26650.0,12053.0,38703.0,713.0,109.0,-508.0,1360.0,-508.0,-399.0,12053.0,12053.0,0.13,3.21,438.82,2018-02
COST,32361.0,4230.0,1067.0,750.0,750.0,438.74,441.715,5877.0,19693.0,30110.0,19178.0,734.0,39605.0,19411.0,27158.0,12447.0,39605.0,762.0,2105.0,-585.0,1394.0,-585.0,1520.0,12447.0,12447.0,0.13,3.18,438.602,2018-05
COST,44411.0,5740.0,1446.0,1043.0,1043.0,438.332,443.187,6055.0,20289.0,30714.0,19681.0,860.0,40830.0,19926.0,27727.0,13103.0,40830.0,1053.0,1554.0,-1056.0,1877.0,-1056.0,498.0,13103.0,13103.0,0.13,3.12,438.189,2018-08
COST,35069.0,4446.0,949.0,767.0,767.0,439.157,442.749,6778.0,22954.0,31144.0,19879.0,981.0,43814.0,22473.0,30335.0,13479.0,43814.0,777.0,2177.0,-730.0,1280.0,-730.0,1447.0,13479.0,13479.0,0.13,3.25,440.546,2018-11
COST,35396.0,4676.0,1203.0,889.0,889.0,440.284,442.337,6080.0,21648.0,31702.0,20145.0,1006.0,42799.0,22450.0,28616.0,14183.0,42799.0,901.0,-219.0,-587.0,1555.0,-587.0,-806.0,14183.0,14183.0,0.13,3.02,439.88,2019-02
COST,34740.0,4507.0,1122.0,906.0,906.0,439.859,442.642,7013.0,22285.0,32224.0,20475.0,992.0,43752.0,22832.0,28932.0,14820.0,43752.0,916.0,2105.0,-672.0,1458.0,-672.0,1433.0,14820.0,14820.0,0.13,2.95,439.789,2019-05
COST,47498.0,6188.0,1463.0,1097.0,1097.0,439.719,443.997,8384.0,23485.0,32626.0,20890.0,1025.0,45400.0,23237.0,29816.0,15584.0,45400.0,1110.0,2293.0,-1009.0,1936.0,-1009.0,1284.0,15584.0,15584.0,0.13,2.91,439.625,2019-08
COST,37040.0,4807.0,1061.0,844.0,844.0,441.818,443.68,9027.0,26643.0,35908.0,23834.0,954.0,51431.0,26265.0,35207.0,16224.0,51431.0,856.0,2102.0,-715.0,1430.0,-715.0,1387.0,16224.0,16224.0,0.13,3.17,441.778,2019-11
COST,39072.0,5016.0,1266.0,931.0,931.0,442.021,443.727,7786.0,23703.0,36457.0,24077.0,1002.0,48782.0,22695.0,31783.0,16999.0,48782.0,947.0,619.0,-545.0,1655.0,-545.0,74.0,16999.0,16999.0,0.13,2.87,441.58,2020-02
COST,37266.0,5017.0,1179.0,838.0,838.0,442.322,443.855,10826.0,25254.0,36855.0,24276.0,2202.0,51732.0,22779.0,34529.0,17203.0,51732.0,852.0,1898.0,-698.0,1561.0,-698.0,1200.0,17203.0,17203.0,0.13,3.01,441.524,2020-05
COST,53383.0,6982.0,1929.0,1389.0,1389.0,443.026,444.342,12277.0,28120.0,37491.0,24595.0,2841.0,55556.0,24844.0,36851.0,18705.0,55556.0,1404.0,4242.0,-852.0,2434.0,-852.0,3390.0,18705.0,18705.0,0.13,2.97,441.255,2020-08
COST,43208.0,5750.0,1430.0,1166.0,1166.0,442.952,444.386,13590.0,32096.0,25073.0,25073.0,3048.0,60217.0,32667.0,44908.0,15309.0,60217.0,1181.0,2647.0,-893.0,1834.0,-893.0,1754.0,15309.0,15309.0,0.13,3.93,442.955,2020-11
COST,44769.0,5691.0,1340.0,951.0,951.0,443.134,444.494,8637.0,26308.0,25418.0,25418.0,3192.0,54918.0,26564.0,38789.0,16129.0,54918.0,971.0,38.0,-573.0,1756.0,-573.0,-535.0,16129.0,16129.0,0.13,3.4,442.534,2021-02
COST,45277.0,5862.0,1663.0,1220.0,1220.0,443.043,444.127,10226.0,27916.0,26052.0,26052.0,3306.0,57274.0,27982.0,40300.0,16974.0,57274.0,1233.0,3333.0,-1028.0,2065.0,-1028.0,2305.0,16974.0,16974.0,0.13,3.37,442.069,2021-05
COST,62675.0,7942.0,2275.0,1670.0,1670.0,443.227,444.376,11258.0,29505.0,40548.0,26382.0,3381.0,59268.0,29441.0,41190.0,18078.0,59268.0,1694.0,2940.0,-1094.0,2834.0,-1094.0,1846.0,18078.0,18078.0,0.13,3.28,441.825,2021-08
COST,50363.0,6411.0,1693.0,1324.0,1324.0,443.377,444.604,12751.0,33850.0,26790.0,26790.0,3509.0,64149.0,33342.0,45149.0,19000.0,64149.0,1345.0,3258.0,-1055.0,2125.0,-1055.0,2203.0,19000.0,19000.0,0.13,3.38,443.434,2021-11
COST,51904.0,6387.0,1812.0,1299.0,1299.0,443.623,444.916,11819.0,32565.0,26892.0,26892.0,3621.0,63078.0,31545.0,43102.0,19976.0,63078.0,1320.0,401.0,-723.0,2248.0,-723.0,-322.0,19976.0,19976.0,0.12,3.16,443.224,2022-02
COST,52596.0,6241.0,1791.0,1353.0,1353.0,443.7,444.886,11193.0,33008.0,26874.0,26874.0,3970.0,63852.0,31845.0,43339.0,20513.0,63852.0,1372.0,1227.0,-854.0,2229.0,-854.0,373.0,20513.0,20513.0,0.12,3.11,442.963,2022-05
COST,72091.0,8533.0,2497.0,1868.0,1868.0,443.903,444.622,10203.0,32696.0,42706.0,27420.0,4050.0,64166.0,31998.0,43519.0,20647.0,64166.0,1878.0,2506.0,-1259.0,3091.0,-1259.0,1247.0,20647.0,20647.0,0.12,3.11,442.664,2022-08
SBUX,1281.191,346.661,174.661,110.135,110.135,1580.228,1630.58,448.312,1224.719,2505.486,1381.296,382.399,3077.058,790.044,830.621,2246.437,3077.058,110.135,384.451,-64.83,248.768,-64.83,319.621,2246.437,2157.793,0.27,1.37,1582.81,2003-12
SBUX,1241.068,266.022,123.759,78.885,78.885,3180.456,3292.472,370.081,1221.288,2569.601,1372.003,413.36,3095.655,694.272,742.296,2353.359,3095.655,78.885,88.71,-72.896,206.576,-72.896,15.814,2353.359,2264.355,0.21,1.32,1590.41,2004-03
SBUX,1318.691,286.228,153.807,97.58,97.58,1591.768,1649.156,383.373,1371.691,2648.713,1383.058,380.284,3224.292,718.987,774.807,2449.485,3224.292,99.383,127.502,-83.385,231.857,-83.385,44.117,2449.485,2360.226,0.22,1.32,1593.03,2004-06
SBUX,1453.297,285.778,155.019,102.28,102.28,1587.412,1642.348,145.053,1350.895,2877.682,1551.416,388.48,3386.541,746.259,916.33,2470.211,3386.541,100.477,262.255,-195.806,245.695,-195.806,66.449,2470.211,2374.461,0.2,1.37,1589.62,2004-09
SBUX,1589.544,420.783,227.234,144.753,144.753,3204.188,3322.62,643.548,1652.72,3069.259,1655.121,411.805,3819.834,846.397,1018.7,2801.134,3819.834,144.71,413.66,-162.132,315.826,-162.132,251.528,2801.134,2700.946,0.26,1.36,1611.22,2004-12
SBUX,1518.716,310.685,157.278,100.461,100.461,3207.704,3312.248,177.142,1412.457,3202.047,1698.803,390.875,3603.417,832.657,999.133,2604.284,3603.417,100.425,163.884,-149.322,255.655,-149.322,14.562,2604.284,2503.002,0.2,1.38,1591.6,2005-03
SBUX,1601.799,357.496,199.632,125.575,125.575,3134.528,3232.148,130.112,1140.375,3296.915,1738.83,341.335,3327.981,881.295,1052.124,2275.857,3327.981,125.513,181.78,-158.462,293.706,-158.462,23.318,2275.857,2168.416,0.22,1.46,1558.16,2005-06
SBUX,1659.241,356.47,196.396,123.506,123.506,3086.784,3179.732,173.809,1209.334,3467.583,1842.019,334.457,3513.693,1226.996,1423.431,2090.262,3513.693,123.722,163.591,-173.38,292.657,-173.38,-9.789,2090.262,1962.379,0.21,1.68,1534.88,2005-09
SBUX,1934.092,474.74,279.847,174.156,174.156,1534.042,1585.898,251.435,1351.929,3576.913,1870.793,360.504,3711.505,1270.708,1478.713,2232.792,3711.505,174.156,608.862,-147.323,378.136,-147.323,461.539,2232.792,2104.513,0.25,1.66,1534.21,2005-12
SBUX,1885.822,396.028,201.894,127.316,127.316,1534.89,1589.226,202.671,1267.414,3755.529,1963.701,377.59,3817.699,1187.123,1399.79,2417.909,3817.699,127.316,153.13,-163.008,303.447,-163.008,-9.878,2417.909,2208.915,0.21,1.58,1538.55,2006-03
SBUX,1963.673,402.704,214.573,145.498,145.498,1539.65,1596.518,215.739,1369.672,3980.982,2090.903,388.999,4052.442,1322.78,1547.347,2505.095,4052.442,145.498,173.782,-212.017,319.584,-212.017,-38.235,2505.095,2302.227,0.21,1.62,1536.75,2006-06
SBUX,2003.355,386.777,197.638,117.289,117.289,1520.264,1568.738,312.606,1529.788,4257.703,2287.899,411.821,4428.941,1935.62,2200.435,2228.506,4428.941,117.289,195.859,-248.882,307.423,-248.882,-53.023,2228.506,2029.073,0.19,1.99,1513.2,2006-09
SBUX,2355.7,1370.9,319.7,205.0,205.0,1516.2,1565.6,270.873,1429.536,4473.347,2396.801,453.922,4527.634,1804.237,2075.294,2452.34,4527.634,204.952,678.409,-270.547,436.035,-270.547,407.862,2452.34,2204.965,0.58,1.85,1514.74,2006-12
SBUX,2255.6,455.9,241.0,150.8,150.8,1504.994,1548.11,200.179,1384.862,4715.929,2523.87,479.716,4636.875,2119.832,2409.564,2227.311,4636.875,150.84,59.41,-236.655,360.578,-236.655,-177.245,2227.311,1978.884,0.2,2.08,1492.11,2007-03
SBUX,2359.245,459.645,245.214,158.343,158.343,1488.946,1527.118,172.789,1467.796,5001.04,2686.969,493.547,4903.923,2223.418,2532.108,2371.815,4903.923,158.343,302.021,-264.931,370.786,-264.931,37.09,2371.815,2116.204,0.19,2.07,1490.61,2007-06
SBUX,2440.935,756.242,248.033,158.503,158.503,1488.236,1519.764,281.3,1696.5,5306.542,2890.4,499.3,5343.9,2155.6,3042.5,2301.4,5343.9,158.503,291.381,-308.215,378.439,-308.215,-16.834,2301.4,2043.7,0.31,2.32,1476.57,2007-09
SBUX,2767.6,1581.6,333.1,208.1,208.1,1463.2,1489.8,349.3,1737.6,5538.4,2993.0,517.3,5506.4,2253.2,3234.6,2271.8,5506.4,208.1,807.6,-263.6,472.9,-263.6,544.0,2271.8,2013.3,0.57,2.42,1455.2,2007-12
SBUX,2526.0,409.4,178.2,108.7,108.7,1457.4,1478.6,303.4,1579.2,5706.5,3052.3,621.1,5534.1,2079.4,3075.3,2458.8,5534.1,108.7,-42.5,-241.5,324.5,-241.5,-284.0,2458.8,2177.3,0.16,2.25,1461.4,2008-03
SBUX,2574.0,1410.9,146.1,-6.7,-6.7,1463.4,1463.4,297.0,1657.3,5725.0,2947.4,647.0,5552.3,2061.9,3057.5,2494.8,5552.3,-6.7,313.6,-228.8,291.4,-228.8,84.8,2494.8,2194.2,0.55,2.23,1466.6,2008-06
SBUX,2515.4,1325.9,-0.2,5.4,5.4,1467.8,1483.4,269.8,1748.0,5717.3,2956.4,261.1,5672.6,2189.7,3181.7,2490.9,5672.6,5.4,180.0,-250.6,172.9,-250.6,-70.6,2490.9,2157.8,0.53,2.28,1471.0,2008-09
SBUX,2615.2,1418.4,169.7,64.3,64.3,1472.6,1478.2,356.8,1693.9,5634.9,2822.5,685.3,5530.4,1953.0,2927.5,2602.9,5530.4,64.7,693.5,-172.6,310.7,-172.6,520.9,2602.9,2274.2,0.54,2.12,1469.2,2008-12
SBUX,2333.3,1289.8,167.8,25.0,25.0,1476.0,1479.8,253.2,1604.1,5590.2,2658.0,303.4,5281.3,1685.9,2650.9,2630.4,5281.3,25.1,21.9,-64.3,309.0,-64.3,-42.4,2630.4,2302.0,0.55,2.01,1471.8,2009-03
SBUX,2403.9,1360.5,225.9,151.5,151.5,1478.8,1493.4,292.0,1717.7,5662.9,2594.2,287.9,5333.1,1557.9,2515.1,2818.0,5333.1,148.2,301.3,-107.3,366.9,-107.3,194.0,2818.0,2493.1,0.57,1.89,1480.2,2009-06
SBUX,2422.2,1381.0,209.1,150.0,150.0,1482.2,1515.8,599.8,2035.8,5700.9,2536.4,253.8,5576.8,1581.0,2519.9,3056.9,5576.8,153.5,372.3,-101.4,349.2,-101.4,270.9,3056.9,2729.6,0.57,1.82,1485.8,2009-09
SBUX,2722.7,1577.0,341.5,241.5,241.5,1488.4,1525.8,1306.3,2583.9,5696.0,2482.7,310.5,6101.6,1779.2,2737.5,3364.1,6101.6,243.5,768.7,-99.7,479.7,-99.7,669.0,3364.1,3033.0,0.58,1.81,1493.0,2009-12
SBUX,2534.7,1470.6,313.3,217.3,217.3,1494.2,1533.8,1086.0,2490.4,5705.6,2414.6,319.0,6144.7,1646.6,2590.0,3554.7,6144.7,217.8,189.1,-84.8,447.6,-84.8,104.3,3554.7,3222.8,0.58,1.73,1489.6,2010-03
SBUX,2612.0,1535.8,389.0,207.9,207.9,1492.2,1533.4,1125.2,2610.9,5746.4,2361.5,311.1,6206.9,1726.6,2672.3,3534.6,6206.9,208.5,417.6,-96.6,521.0,-96.6,321.0,3534.6,3204.0,0.59,1.76,1480.6,2010-06
SBUX,2838.0,1707.5,146.8,278.9,278.9,1480.4,1520.6,1164.0,2756.4,5888.7,2416.5,346.5,6385.9,1779.1,2703.6,3682.3,6385.9,278.5,329.5,-164.7,283.1,-164.7,164.8,3682.3,3349.1,0.6,1.73,1485.2,2010-09
SBUX,2950.8,1758.5,467.4,346.6,346.6,1491.4,1533.4,1792.0,3400.4,5956.8,2393.6,317.9,6931.1,1956.4,2870.8,4060.3,6931.1,347.6,673.6,-128.9,602.7,-128.9,544.7,4060.3,3724.6,0.6,1.71,1497.6,2010-12
SBUX,2785.7,1614.5,337.8,261.6,261.6,1500.6,1543.6,1645.2,3540.3,6041.5,2378.5,323.4,7027.6,1794.2,2700.4,4327.2,7027.6,262.3,-4.1,-110.2,474.1,-110.2,-114.3,4327.2,3989.3,0.58,1.62,1497.6,2011-03
SBUX,2932.2,1694.7,457.9,279.1,279.1,1501.0,1543.8,1720.8,3587.0,6160.0,2384.8,312.1,7097.8,1859.4,2756.3,4341.5,7097.8,280.0,457.2,-133.3,594.5,-133.3,323.9,4341.5,4001.3,0.58,1.63,1485.2,2011-06
SBUX,3031.7,-1877.7,72.2,358.3,358.3,1493.6,1537.0,1148.1,3794.9,6163.1,2355.0,297.7,7360.4,2075.8,2973.1,4387.3,7360.4,358.1,485.7,-159.5,214.0,-159.5,326.2,4387.3,3953.8,-0.62,1.68,1482.8,2011-09
SBUX,3435.9,944.1,511.1,382.1,382.1,1495.8,1537.0,1569.6,4237.1,6268.9,2347.3,275.2,7835.6,2158.8,3060.3,4775.3,7835.6,382.2,466.3,-153.5,654.7,-153.5,312.8,4775.3,4327.4,0.27,1.64,1505.2,2011-12
SBUX,3195.9,827.5,378.2,309.9,309.9,1509.2,1546.6,1432.2,4351.5,6436.0,2382.5,279.6,8006.5,1971.4,2869.8,5136.7,8006.5,310.1,109.3,-160.3,522.5,-160.3,-51.0,5136.7,4683.5,0.26,1.56,1515.8,2012-03
SBUX,3303.6,881.5,439.9,333.1,333.1,1517.8,1553.6,1501.3,4569.6,6579.9,2444.2,286.2,8308.9,2018.2,2920.9,5388.0,8308.9,333.4,551.3,-202.7,579.7,-202.7,348.6,5388.0,4933.5,0.27,1.54,1519.6,2012-06
SBUX,3341.4,892.4,457.6,358.7,358.7,1512.4,1546.6,1188.6,4199.6,6903.1,2658.9,242.0,8219.2,2209.8,3104.7,5114.5,8219.2,359.0,623.4,-339.7,610.5,-339.7,283.7,5114.5,4571.7,0.27,1.61,1498.6,2012-09
SBUX,3793.2,1083.0,576.1,432.2,432.2,1492.2,1522.6,1852.1,4416.0,7053.0,2711.1,281.9,8490.1,2390.9,3315.1,5175.0,8490.1,432.4,1067.3,-244.5,732.9,-244.5,822.8,5175.0,4628.2,0.29,1.64,1497.8,2012-12
SBUX,3549.6,980.8,491.6,390.4,390.4,1498.2,1522.6,1223.2,3810.2,7278.5,2845.3,247.4,8502.8,2269.7,3175.3,5327.5,8502.8,390.7,305.2,-240.4,652.9,-240.4,64.8,5327.5,4196.5,0.28,1.6,1496.6,2013-03
SBUX,3735.3,1053.6,551.8,417.8,417.8,1499.4,1523.8,1430.8,4239.7,7460.1,2987.1,217.0,9062.4,2424.4,3314.8,5747.6,9062.4,417.8,665.3,-297.3,713.0,-297.3,368.0,5747.6,4617.9,0.28,1.58,1502.2,2013-06
SBUX,3788.7,1081.1,587.8,-1232.0,-1232.0,1504.2,1529.0,2575.7,5471.4,7782.1,3200.5,1152.3,11516.7,5377.3,7034.4,4482.3,11516.7,-1232.1,870.5,-369.0,764.1,-369.0,501.5,4482.3,3344.6,0.29,2.57,1506.4,2013-09
SBUX,4239.6,1269.4,742.2,540.7,540.7,1509.8,1532.4,1545.8,3759.4,7937.6,3233.0,1154.8,10255.2,2953.0,5365.7,4889.5,10255.2,540.7,-1401.9,-256.1,922.3,-256.1,-1658.0,4889.5,3750.8,0.3,2.1,1513.0,2013-12
SBUX,3873.8,1110.1,584.2,427.0,427.0,1510.3,1529.1,1190.3,3579.0,8118.7,3278.1,1139.3,10097.0,2733.5,5149.9,4947.1,10097.0,426.9,418.4,-247.5,768.3,-247.5,170.9,4947.1,3809.1,0.29,2.04,1508.2,2014-03
SBUX,4153.7,1265.7,695.6,512.6,512.6,1503.5,1522.0,1019.4,3356.9,8370.1,3373.7,1140.1,10385.3,2883.9,5314.5,5070.8,10385.3,512.6,850.1,-307.6,885.4,-307.6,542.5,5070.8,3930.4,0.3,2.05,1502.0,2014-06
SBUX,4180.7,1305.5,770.4,587.8,587.8,1501.5,1521.8,1708.4,4168.7,8581.1,3519.0,1102.2,10752.9,3038.7,5479.2,5273.7,10752.9,587.5,741.2,-349.7,964.8,-349.7,391.5,5273.7,4144.0,0.31,2.04,1499.0,2014-09
SBUX,4803.2,1496.5,862.7,983.1,983.1,1498.8,1516.8,1857.0,4546.1,8999.9,3822.3,1213.9,12351.1,3557.5,6193.3,6157.8,12351.1,984.5,1425.2,-291.8,1079.0,-291.8,1133.4,6157.8,4017.4,0.31,2.01,1500.8,2014-12
SBUX,4563.5,1379.1,722.6,494.9,494.9,1500.5,1516.5,1750.4,4245.4,9195.6,3897.7,1246.3,12190.7,3521.2,6180.0,6010.7,12190.7,495.9,575.7,-314.8,950.5,-314.8,260.9,6010.7,3871.5,0.3,2.03,1501.0,2015-03
SBUX,4881.2,1534.9,878.3,626.7,626.7,1498.5,1515.7,2080.5,4760.7,9431.8,3977.7,1294.5,12868.8,4049.2,7010.5,5858.3,12868.8,626.4,778.3,-336.9,1127.4,-336.9,441.4,5858.3,3771.9,0.31,2.2,1490.8,2015-06
SBUX,4914.8,1553.6,887.5,652.5,652.5,1485.7,1504.7,1530.1,3971.0,9641.8,4088.3,1596.7,12416.3,3648.1,6596.5,5819.8,12416.3,652.5,969.9,-360.2,1128.0,-360.2,609.7,5819.8,3724.0,0.32,2.13,1485.1,2015-09
SBUX,5373.5,1681.1,993.9,687.6,687.6,1485.9,1503.3,2263.5,4727.7,9788.3,4122.5,1355.4,12943.5,4420.1,6960.1,5983.4,12943.5,687.7,1636.0,-331.8,1241.2,-331.8,1304.2,5983.4,3902.0,0.31,2.16,1485.6,2015-12
SBUX,4993.2,1516.5,798.6,575.1,575.1,1472.1,1486.6,1294.4,3883.5,10090.7,4246.9,1311.4,12519.4,4351.2,7423.0,5096.4,12519.4,574.9,549.5,-336.4,1060.6,-336.4,213.1,5096.4,2956.2,0.3,2.46,1464.5,2016-03
SBUX,5238.0,1648.3,939.8,754.1,754.1,1465.3,1479.3,2141.8,4856.2,10301.8,4359.2,1213.9,13833.2,4245.2,8109.2,5724.0,13833.2,754.6,1081.4,-361.5,1198.7,-361.5,719.9,5724.0,3492.2,0.31,2.42,1466.4,2016-06
SBUX,5711.2,1896.8,1121.5,800.9,800.9,1463.2,1477.7,2128.8,4757.9,10573.3,4533.8,1288.7,14312.5,4546.8,8421.8,5890.7,14312.5,801.7,1431.0,-410.6,1383.4,-410.6,1020.4,5890.7,3654.8,0.33,2.43,1460.5,2016-09
SBUX,5732.9,1799.7,1048.2,751.8,751.8,1457.5,1470.5,2034.6,4616.2,10611.7,4478.5,1201.0,14017.3,4397.3,8214.2,5803.1,14017.3,751.5,1529.8,-307.4,1311.4,-307.4,1222.4,5803.1,3733.5,0.31,2.42,1457.2,2016-12
SBUX,5294.0,1566.4,851.3,652.8,652.8,1453.2,1464.8,2163.9,4919.4,10887.3,4564.5,1179.2,14227.9,4000.1,8616.5,5611.4,14227.9,653.1,461.9,-330.5,1117.9,-330.5,131.4,5611.4,3507.9,0.3,2.54,1447.7,2017-03
SBUX,5661.5,1783.5,1063.4,691.6,691.6,1447.7,1459.4,2716.2,5509.3,11233.9,4699.8,1171.2,14522.7,4026.5,8673.2,5849.5,14522.7,690.9,1167.3,-387.4,1330.0,-387.4,779.9,5849.5,3845.6,0.32,2.48,1445.7,2017-06
SBUX,5698.3,1684.9,934.0,788.6,788.6,1439.6,1451.3,2462.3,5283.4,11584.0,4919.5,1158.2,14365.6,4220.7,8908.6,5457.0,14365.6,789.4,1092.8,-494.1,1204.7,-494.1,598.7,5457.0,3476.4,0.3,2.63,1431.6,2017-09
SBUX,6073.7,1835.0,1054.3,2250.2,2250.2,1421.0,1434.6,3661.4,6883.5,12229.4,5378.7,684.2,18518.5,6841.1,12759.6,5758.9,18518.5,2250.1,1834.0,-429.3,1326.7,-429.3,1404.7,5758.9,837.9,0.3,3.22,1407.6,2017-12
SBUX,6031.8,1727.5,854.5,660.1,660.1,1394.9,1406.6,2142.0,5657.0,12541.6,5576.8,707.1,17553.5,5187.0,12835.8,4717.7,17553.5,659.8,454.5,-467.4,1199.7,-467.4,-12.9,4717.7,-304.2,0.29,3.72,1382.4,2018-03
SBUX,6310.3,1931.9,983.7,852.5,852.5,1377.1,1388.5,1892.1,5583.4,12801.0,5689.6,553.8,17182.1,5551.6,13185.4,3996.7,17182.1,852.0,1215.9,-511.1,1327.6,-511.1,704.8,3996.7,-773.8,0.31,4.3,1366.3,2018-06
SBUX,6303.6,1822.1,913.9,755.5,755.5,1337.7,1348.7,8756.3,12494.2,13197.1,5929.1,546.9,24156.4,5684.2,22980.6,1175.8,24156.4,756.1,8433.4,-568.6,1258.3,-568.6,7864.8,1175.8,-3408.0,0.29,20.54,1309.1,2018-09
SBUX,6632.7,1870.1,991.1,760.6,760.6,1242.0,1253.4,4761.6,7676.3,13468.9,6039.3,1122.7,19981.3,5427.5,22860.1,-2878.8,19981.3,760.4,2379.0,-431.4,1341.9,-431.4,1947.6,-2878.8,-7420.7,0.28,-6.94,1243.3,2018-12
SBUX,6305.9,1739.8,838.4,663.2,663.2,1239.2,1250.7,2055.1,4952.3,13667.2,6135.5,1471.1,17641.9,5273.4,22677.1,-5035.2,17641.9,658.6,390.4,-414.2,1211.1,-414.2,-23.8,-5035.2,-9557.0,0.28,-3.5,1210.0,2019-03
SBUX,6823.0,1980.2,1083.0,1372.8,1372.8,1211.0,1223.0,4763.3,7734.8,13855.0,6187.8,1991.0,20894.4,5895.8,25213.4,-4319.0,20894.4,1373.2,1169.4,-435.1,1443.1,-435.1,734.3,-4319.0,-8736.9,0.29,-4.84,1206.5,2019-06
SBUX,6747.0,1898.1,1003.3,802.8,802.8,1192.4,1205.6,2686.6,5653.9,14273.5,6431.7,2245.4,19219.6,6168.7,25450.6,-6231.0,19219.6,802.4,1108.2,-525.9,1369.0,-525.9,582.3,-6231.0,-10503.6,0.28,-3.08,1184.6,2019-09
SBUX,7097.1,2039.2,1152.2,885.7,885.7,1180.4,1191.0,3040.5,5899.7,22782.5,14749.4,2216.1,27731.3,8675.5,34490.4,-6759.1,27731.3,885.3,1836.1,-394.3,1521.4,-394.3,1441.8,-6759.1,-11014.1,0.29,-4.1,1174.5,2019-12
SBUX,5995.7,1276.6,418.8,328.4,328.4,1171.8,1180.7,2572.3,5749.9,22841.9,14647.8,2289.8,27478.9,8265.8,35011.8,-7532.9,27478.9,324.8,-1361.3,-364.0,796.5,-364.0,-1725.3,-7532.9,-11704.6,0.21,-3.65,1168.1,2020-03
SBUX,4222.1,200.3,-694.2,-678.4,-678.4,1168.5,1168.5,3965.9,7581.0,22778.9,14509.6,2290.8,29140.6,8002.0,37764.9,-8624.3,29140.6,-678.1,-367.7,-380.1,-317.1,-380.1,-747.8,-8624.3,-12734.0,0.05,-3.38,1168.9,2020-06
SBUX,6203.1,1543.1,641.1,392.6,392.6,1170.4,1179.1,4350.9,7806.4,22289.4,14375.5,2358.5,29374.5,7346.8,37173.9,-7799.4,29374.5,392.7,1490.7,-345.2,1020.3,-345.2,1145.5,-7799.4,-11948.7,0.25,-3.77,1173.3,2020-09
SBUX,6749.4,1833.0,903.0,622.2,622.2,1175.0,1183.0,5028.1,8357.5,22307.8,14377.3,2333.5,29968.4,7883.9,37872.4,-7904.0,29968.4,622.2,1835.7,-324.2,1291.4,-324.2,1511.5,-7904.0,-12117.2,0.27,-3.79,1177.2,2020-12
SBUX,6668.0,1852.3,933.5,659.4,659.4,1177.5,1184.8,3880.7,6979.5,22224.3,14159.9,2344.9,28371.7,6505.1,36020.0,-7648.3,28371.7,659.4,883.8,-323.7,1318.0,-323.7,560.1,-7648.3,-11751.5,0.28,-3.71,1177.9,2021-03
SBUX,7496.5,2323.6,1403.0,1153.4,1153.4,1178.5,1186.2,4753.1,7931.7,22537.7,14216.6,2437.3,29476.8,7799.8,36271.1,-6794.3,29476.8,1154.1,1748.9,-337.8,1776.3,-337.8,1411.1,-6794.3,-10864.3,0.31,-4.34,1179.0,2021-06
SBUX,8146.7,2382.2,1417.6,1764.4,1764.4,1179.4,1187.9,6455.7,9756.4,23064.8,14605.5,2453.3,31392.6,8151.4,36707.1,-5314.5,31392.6,1764.6,1520.7,-484.3,1795.5,-484.3,1036.4,-5314.5,-9341.7,0.29,-5.91,1180.0,2021-09
SBUX,8050.4,2123.5,1130.0,815.9,815.9,1169.6,1176.6,3969.4,7255.1,23289.5,14601.4,2447.7,28833.9,8921.1,37284.2,-8450.3,28833.9,816.1,1870.9,-416.8,1516.4,-416.8,1454.1,-8450.3,-12428.5,0.26,-3.41,1151.6,2021-12
SBUX,7635.6,1855.1,904.2,674.5,674.5,1149.2,1153.9,3913.4,7541.1,23483.0,14631.0,2392.2,29021.5,9104.3,37782.7,-8761.2,29021.5,675.0,161.9,-455.1,1295.5,-455.1,-293.2,-8761.2,-12662.0,0.24,-3.31,1146.9,2022-03
SBUX,8150.1,2234.0,1255.4,912.9,912.9,1147.0,1151.0,3177.5,7067.5,23417.1,14445.3,2393.6,28156.2,8402.4,36815.1,-8658.9,28156.2,913.7,1264.8,-423.5,1646.7,-423.5,841.3,-8658.9,-12313.5,0.27,-3.25,1146.9,2022-06
SBUX,8414.2,2158.5,1140.0,878.3,878.3,1147.3,1152.5,2818.4,7018.7,23625.4,14576.1,2353.9,27978.4,9151.8,36677.1,-8698.7,27978.4,878.6,1099.7,-545.9,1500.4,-545.9,553.8,-8698.7,-12138.1,0.26,-3.22,1147.9,2022-09
AMZN,1083.559,270.582,39.225,-10.121,-10.121,7770.82,7770.82,495.773,1344.496,471.617,228.279,59.799,1705.933,698.579,2994.997,-1289.064,1705.933,-10.121,-251.782,-6.394,31.982,-6.394,-258.176,-1289.064,-1362.423,0.25,-1.32,7832.18,2003-03
AMZN,1099.912,273.928,41.823,-43.314,-43.314,7877.52,7877.52,641.728,1251.254,465.012,221.674,51.48,1596.854,769.384,2843.69,-1246.836,1596.854,-43.314,126.024,-7.141,89.644,-7.141,118.883,-1246.836,-1319.282,0.25,-1.28,7934.6,2003-06
AMZN,1134.456,285.821,51.931,15.563,15.563,7958.24,8456.04,666.418,1410.2,464.797,221.459,48.246,1749.685,826.75,2907.719,-1158.034,1749.685,15.563,36.817,-15.192,-14.664,-15.192,21.625,-1158.034,-1227.814,0.25,-1.51,8008.44,2003-09
AMZN,1945.772,426.837,137.616,73.154,73.154,8029.7,9939.54,1102.273,1820.809,371.738,224.285,47.818,2162.033,1252.701,3198.14,-1036.107,2162.033,73.154,480.963,-17.236,239.191,-17.236,463.727,-1036.107,-1105.228,0.22,-2.09,8067.08,2003-12
AMZN,1530.349,360.834,110.435,111.136,111.136,8070.84,8490.38,768.587,1405.574,364.929,217.476,46.39,1738.561,865.911,2643.611,-905.05,1738.561,111.136,-250.688,-9.513,104.049,-9.513,-260.201,-905.05,-974.171,0.24,-1.92,8097.88,2004-03
AMZN,1387.0,341.0,86.0,76.0,76.0,8100.0,8500.0,701.15,1561.192,363.324,215.871,41.926,1888.11,916.354,2678.968,-790.858,1888.11,76.864,142.688,-14.487,128.386,-14.487,128.201,-790.858,-859.979,0.25,-2.39,8134.22,2004-06
AMZN,1463.0,356.0,81.0,54.0,54.0,8140.0,8500.0,745.608,1692.784,374.215,226.762,51.538,2108.668,1051.023,2829.745,-721.077,2108.668,54.0,117.0,-28.0,24.0,-28.0,89.0,-721.077,-858.661,0.24,-2.92,8149.28,2004-09
AMZN,2541.0,545.0,155.0,346.0,346.0,8180.0,8560.0,1303.0,2539.0,423.0,246.0,324.0,3248.0,1620.0,3475.0,-227.0,3248.0,346.0,557.0,-37.0,252.0,-37.0,520.0,-227.0,-366.0,0.21,-14.31,8194.22,2004-12
AMZN,1902.0,458.0,108.0,78.0,78.0,8200.0,8480.0,533.0,1793.0,421.0,245.0,285.0,2472.0,1073.0,2634.0,-162.0,2472.0,78.0,-294.0,-26.0,136.0,-26.0,-320.0,-162.0,-311.0,0.24,-15.26,8220.0,2005-03
AMZN,1753.0,450.0,104.0,52.0,52.0,8220.0,8500.0,629.0,1926.0,444.0,267.0,254.0,2601.0,1144.0,2665.0,-64.0,2601.0,52.0,244.0,-47.0,131.0,-47.0,197.0,-64.0,-218.0,0.26,-40.64,8240.0,2005-06
AMZN,1858.0,463.0,55.0,30.0,30.0,8260.0,8560.0,600.0,2121.0,499.0,322.0,230.0,2832.0,1313.0,2826.0,6.0,2832.0,30.0,153.0,-76.0,-2.0,-76.0,77.0,6.0,-153.0,0.25,472.0,8280.0,2005-09
AMZN,2977.0,667.0,212.0,199.0,199.0,8300.0,8520.0,1013.0,2929.0,571.0,348.0,249.0,3696.0,1899.0,3450.0,246.0,3696.0,199.0,630.0,-55.0,335.0,-55.0,575.0,246.0,76.0,0.22,15.02,8320.0,2005-12
AMZN,2279.0,544.0,103.0,51.0,51.0,8340.0,8520.0,507.0,2186.0,584.0,361.0,250.0,2990.0,1407.0,2666.0,324.0,2990.0,51.0,-303.0,-46.0,143.0,-46.0,-349.0,324.0,131.0,0.24,9.23,8340.0,2006-03
AMZN,2139.0,509.0,47.0,22.0,22.0,8360.0,8520.0,683.0,2231.0,628.0,405.0,336.0,3165.0,1458.0,2782.0,383.0,3165.0,22.0,130.0,-58.0,90.0,-58.0,72.0,383.0,190.0,0.24,8.26,8380.0,2006-06
AMZN,2307.0,549.0,40.0,19.0,19.0,8340.0,8480.0,693.0,2315.0,672.0,449.0,310.0,3268.0,1768.0,3072.0,196.0,3268.0,20.0,131.0,-62.0,103.0,-62.0,69.0,196.0,2.0,0.24,16.67,8220.0,2006-09
AMZN,3986.0,850.0,207.0,97.0,97.0,8260.0,8420.0,1022.0,3373.0,824.0,457.0,317.0,4363.0,2532.0,3932.0,431.0,4363.0,97.0,744.0,-50.0,266.0,-50.0,694.0,431.0,215.0,0.21,10.12,8280.0,2006-12
AMZN,3015.0,719.0,145.0,111.0,111.0,8240.0,8400.0,748.0,2600.0,809.0,442.0,423.0,3661.0,1847.0,3308.0,353.0,3661.0,111.0,-279.0,-34.0,207.0,-34.0,-313.0,353.0,157.0,0.24,10.37,8193.97,2007-03
AMZN,2886.0,701.0,116.0,78.0,78.0,8240.0,8460.0,1004.0,2859.0,810.0,443.0,468.0,3984.0,1936.0,3434.0,550.0,3984.0,78.0,299.0,-48.0,176.0,-48.0,251.0,550.0,336.0,0.24,7.24,8267.98,2007-06
AMZN,3262.0,762.0,123.0,80.0,80.0,8280.0,8500.0,1366.0,3424.0,858.0,491.0,485.0,4618.0,2319.0,3857.0,761.0,4618.0,80.0,237.0,-69.0,184.0,-69.0,168.0,761.0,543.0,0.23,6.07,8303.55,2007-09
AMZN,5672.0,-940.0,271.0,207.0,207.0,8320.0,8540.0,2539.0,5164.0,1023.0,543.0,529.0,6485.0,3714.0,5288.0,1197.0,6485.0,207.0,1148.0,-73.0,334.0,-73.0,1075.0,1197.0,948.0,-0.17,5.42,8320.0,2007-12
AMZN,4135.0,368.0,198.0,143.0,143.0,8340.0,8520.0,1496.0,3965.0,1074.0,594.0,932.0,5883.0,3551.0,4413.0,1470.0,5883.0,143.0,-645.0,-61.0,263.0,-61.0,-706.0,1470.0,1078.0,0.09,4.0,8340.0,2008-03
AMZN,4063.0,348.0,217.0,158.0,158.0,8400.0,8600.0,1548.0,4236.0,1131.0,651.0,1035.0,6322.0,3216.0,4092.0,2230.0,6322.0,158.0,347.0,-69.0,287.0,-69.0,278.0,2230.0,1830.0,0.09,2.83,8520.0,2008-06
AMZN,4264.0,342.0,154.0,118.0,118.0,8540.0,8720.0,1650.0,4430.0,1211.0,731.0,1000.0,6566.0,3144.0,4039.0,2527.0,6566.0,118.0,424.0,-102.0,230.0,-102.0,322.0,2527.0,2122.0,0.08,2.6,8620.0,2008-09
AMZN,6703.0,521.0,273.0,225.0,225.0,8580.0,8700.0,2769.0,6157.0,1409.0,854.0,865.0,8314.0,4746.0,5642.0,2672.0,8314.0,225.0,1571.0,-102.0,350.0,-102.0,1469.0,2672.0,2234.0,0.08,3.11,8571.66,2008-12
AMZN,4889.0,451.0,244.0,177.0,177.0,8580.0,8740.0,1701.0,4775.0,889.0,889.0,883.0,6980.0,3410.0,4062.0,2918.0,6980.0,177.0,-585.0,-55.0,331.0,-55.0,-640.0,2918.0,2485.0,0.09,2.39,8592.95,2009-03
AMZN,4651.0,425.0,159.0,142.0,142.0,8620.0,8800.0,1936.0,5304.0,981.0,981.0,939.0,7675.0,3636.0,4419.0,3256.0,7675.0,142.0,468.0,-78.0,243.0,-78.0,390.0,3256.0,2805.0,0.09,2.36,8640.0,2009-06
AMZN,5449.0,492.0,251.0,199.0,199.0,8640.0,8820.0,2514.0,6369.0,1086.0,1086.0,1060.0,8972.0,4537.0,5387.0,3585.0,8972.0,199.0,799.0,-103.0,347.0,-103.0,696.0,3585.0,3128.0,0.09,2.5,8660.0,2009-09
AMZN,9520.0,872.0,476.0,384.0,384.0,8780.0,9020.0,3444.0,9797.0,1915.0,1290.0,925.0,13813.0,7364.0,8556.0,5257.0,13813.0,384.0,2611.0,-137.0,588.0,-137.0,2474.0,5257.0,3456.0,0.09,2.63,8880.0,2009-12
AMZN,7131.0,718.0,394.0,299.0,299.0,8900.0,9080.0,1844.0,7964.0,1436.0,1436.0,1408.0,12042.0,5193.0,6424.0,5618.0,12042.0,299.0,-1098.0,-140.0,513.0,-140.0,-1238.0,5618.0,4384.0,0.1,2.14,8920.0,2010-03
AMZN,6566.0,619.0,270.0,207.0,207.0,8940.0,9100.0,1629.0,8118.0,1704.0,1704.0,1346.0,12397.0,5250.0,6540.0,5857.0,12397.0,207.0,250.0,-196.0,399.0,-196.0,54.0,5857.0,4628.0,0.09,2.12,8960.0,2010-06
AMZN,7560.0,652.0,268.0,231.0,231.0,8960.0,9120.0,1539.0,9559.0,2099.0,2099.0,1227.0,14162.0,6375.0,7765.0,6397.0,14162.0,231.0,855.0,-315.0,418.0,-315.0,540.0,6397.0,5120.0,0.09,2.21,8980.0,2010-09
AMZN,12947.0,1022.0,474.0,416.0,416.0,8940.0,9180.0,3777.0,13747.0,3256.0,2414.0,724.0,18797.0,10372.0,11933.0,6864.0,18797.0,416.0,3488.0,-328.0,643.0,-328.0,3160.0,6864.0,4952.0,0.08,2.74,9020.0,2010-12
AMZN,9857.0,815.0,322.0,201.0,201.0,9020.0,9180.0,2641.0,11288.0,2902.0,2902.0,1179.0,16882.0,7730.0,9535.0,7347.0,16882.0,201.0,-1586.0,-298.0,524.0,-298.0,-1884.0,7347.0,5834.0,0.08,2.3,9040.0,2011-03
AMZN,9913.0,749.0,201.0,191.0,191.0,9060.0,9200.0,2047.0,11279.0,3470.0,3470.0,1283.0,17941.0,8045.0,10176.0,7765.0,17941.0,191.0,423.0,-433.0,445.0,-433.0,-10.0,7765.0,5856.0,0.08,2.31,9080.0,2011-06
AMZN,10876.0,661.0,79.0,63.0,63.0,9080.0,9220.0,2823.0,11904.0,3999.0,3999.0,1217.0,19054.0,8978.0,11288.0,7766.0,19054.0,63.0,797.0,-529.0,357.0,-529.0,268.0,7766.0,5832.0,0.06,2.45,9100.0,2011-09
AMZN,17431.0,1079.0,260.0,177.0,177.0,9060.0,9280.0,5269.0,17490.0,5786.0,4417.0,769.0,25278.0,14896.0,17521.0,7757.0,25278.0,177.0,4269.0,-550.0,619.0,-550.0,3719.0,7757.0,5155.0,0.06,3.26,9100.0,2011-12
AMZN,13185.0,918.0,192.0,130.0,130.0,9060.0,9200.0,2288.0,12154.0,4653.0,4653.0,1562.0,20339.0,10488.0,13068.0,7271.0,20339.0,130.0,-2438.0,-386.0,649.0,-386.0,-2824.0,7271.0,5301.0,0.07,2.8,9000.0,2012-03
AMZN,12834.0,908.0,107.0,7.0,7.0,9020.0,9160.0,2335.0,11793.0,5097.0,5097.0,1611.0,21022.0,10964.0,13517.0,7505.0,21022.0,7.0,594.0,-657.0,592.0,-657.0,-63.0,7505.0,4984.0,0.07,2.8,9040.0,2012-06
AMZN,13806.0,785.0,-28.0,-274.0,-274.0,9040.0,9040.0,2980.0,13118.0,5662.0,5662.0,1514.0,22834.0,12605.0,15281.0,7553.0,22834.0,-274.0,943.0,-716.0,526.0,-716.0,227.0,7553.0,5013.0,0.06,3.02,9060.0,2012-09
AMZN,21268.0,1528.0,405.0,98.0,98.0,9120.0,9120.0,8084.0,21296.0,9582.0,7060.0,922.0,32555.0,19002.0,24363.0,8192.0,32555.0,98.0,5081.0,-2026.0,1067.0,-2026.0,3055.0,8192.0,4915.0,0.07,3.97,9080.0,2012-12
AMZN,16070.0,1090.0,181.0,82.0,82.0,9100.0,9260.0,4481.0,16313.0,7674.0,7674.0,1855.0,28377.0,14332.0,19945.0,8432.0,28377.0,82.0,-2372.0,-670.0,881.0,-670.0,-3042.0,8432.0,5897.0,0.07,3.37,9100.0,2013-03
AMZN,15704.0,1072.0,79.0,-7.0,-7.0,9120.0,9120.0,3704.0,16285.0,8789.0,8789.0,1935.0,29623.0,14735.0,20890.0,8733.0,29623.0,-7.0,880.0,-855.0,835.0,-855.0,25.0,8733.0,6119.0,0.07,3.39,9140.0,2013-06
AMZN,17092.0,958.0,-25.0,-41.0,-41.0,9140.0,9140.0,3872.0,17334.0,9991.0,9991.0,1901.0,31861.0,16135.0,22774.0,9087.0,31861.0,-41.0,1388.0,-1038.0,809.0,-1038.0,350.0,9087.0,6452.0,0.06,3.51,9160.0,2013-09
AMZN,25587.0,2001.0,510.0,240.0,240.0,9200.0,9360.0,8658.0,24625.0,14809.0,10949.0,1285.0,40159.0,22980.0,30413.0,9746.0,40159.0,240.0,5578.0,-879.0,1472.0,-879.0,4699.0,9746.0,6446.0,0.08,4.12,9180.0,2013-12
AMZN,19741.0,1378.0,146.0,108.0,108.0,9200.0,9360.0,5074.0,19327.0,12267.0,12267.0,2117.0,36364.0,18357.0,26036.0,10328.0,36364.0,108.0,-2502.0,-1080.0,1156.0,-1080.0,-3582.0,10328.0,7675.0,0.07,3.52,9200.0,2014-03
AMZN,19340.0,1333.0,-15.0,-126.0,-126.0,9220.0,9220.0,5057.0,18755.0,14089.0,14089.0,2377.0,37898.0,18751.0,27296.0,10602.0,37898.0,-126.0,862.0,-1290.0,1094.0,-1290.0,-428.0,10602.0,7925.0,0.07,3.57,9240.0,2014-06
AMZN,20579.0,886.0,-544.0,-437.0,-437.0,9260.0,9260.0,5258.0,18572.0,15702.0,15702.0,2813.0,40419.0,20842.0,30083.0,10336.0,40419.0,-437.0,1766.0,-1378.0,703.0,-1378.0,388.0,10336.0,7004.0,0.04,3.91,9260.0,2014-09
AMZN,29329.0,2597.0,590.0,214.0,214.0,9300.0,9300.0,14557.0,31327.0,22730.0,16967.0,2128.0,54505.0,28089.0,43764.0,10741.0,54505.0,214.0,6715.0,-1145.0,1970.0,-1145.0,5570.0,10741.0,6658.0,0.09,5.07,9300.0,2014-12
AMZN,22717.0,1809.0,255.0,-57.0,-57.0,9300.0,9300.0,10237.0,25922.0,17736.0,17736.0,2926.0,50075.0,23177.0,39202.0,10873.0,50075.0,-57.0,-1499.0,-871.0,1681.0,-871.0,-2370.0,10873.0,7382.0,0.08,4.61,9320.0,2015-03
AMZN,23185.0,2129.0,464.0,92.0,92.0,9340.0,9520.0,10269.0,26391.0,19479.0,19479.0,3047.0,52440.0,23912.0,40672.0,11768.0,52440.0,92.0,1997.0,-1213.0,1968.0,-1213.0,784.0,11768.0,8245.0,0.09,4.46,9360.0,2015-06
AMZN,25358.0,2176.0,406.0,79.0,79.0,9360.0,9560.0,10709.0,28849.0,20636.0,20636.0,3216.0,56230.0,26657.0,43800.0,12430.0,56230.0,79.0,2610.0,-1195.0,2005.0,-1195.0,1415.0,12430.0,8901.0,0.09,4.52,9380.0,2015-09
AMZN,35747.0,3292.0,1109.0,482.0,482.0,9340.0,9600.0,15890.0,35705.0,30053.0,21838.0,2453.0,64747.0,33887.0,51363.0,13384.0,64747.0,482.0,8931.0,-2107.0,2861.0,-2107.0,6824.0,13384.0,8633.0,0.09,4.84,9420.0,2015-12
AMZN,29128.0,3049.0,1071.0,513.0,513.0,9420.0,9620.0,12470.0,30513.0,23308.0,23308.0,3522.0,61128.0,28187.0,46372.0,14756.0,61128.0,513.0,-1953.0,-1179.0,2898.0,-1179.0,-3132.0,14756.0,10971.0,0.1,4.14,9440.0,2016-03
AMZN,30404.0,3466.0,1285.0,857.0,857.0,9460.0,9660.0,12521.0,32220.0,25190.0,25190.0,3892.0,65076.0,29587.0,48538.0,16538.0,65076.0,857.0,3578.0,-1711.0,3194.0,-1711.0,1867.0,16538.0,12764.0,0.11,3.93,9480.0,2016-06
AMZN,32714.0,2984.0,575.0,252.0,252.0,9480.0,9700.0,13656.0,35609.0,27177.0,27177.0,4296.0,70897.0,33498.0,53115.0,17782.0,70897.0,252.0,4659.0,-1841.0,2659.0,-1841.0,2818.0,17782.0,13967.0,0.09,3.99,9500.0,2016-09
AMZN,43741.0,4519.0,1255.0,749.0,749.0,9540.0,9740.0,19334.0,45781.0,42441.0,29114.0,3869.0,83402.0,43816.0,64117.0,19285.0,83402.0,749.0,10919.0,-3073.0,3552.0,-3073.0,7846.0,19285.0,14647.0,0.1,4.32,9540.0,2016-12
AMZN,35714.0,3764.0,1005.0,724.0,724.0,9540.0,9800.0,15440.0,39460.0,32632.0,32632.0,5054.0,80969.0,37399.0,59295.0,21674.0,80969.0,724.0,-1619.0,-1861.0,3440.0,-1861.0,-3480.0,21674.0,17851.0,0.11,3.74,9560.0,2017-03
AMZN,37955.0,3797.0,628.0,197.0,197.0,9580.0,9840.0,13203.0,41007.0,37083.0,37083.0,5437.0,87781.0,40520.0,64567.0,23214.0,87781.0,197.0,3850.0,-2501.0,3261.0,-2501.0,1349.0,23214.0,18960.0,0.1,3.78,9600.0,2017-06
AMZN,43744.0,3831.0,347.0,256.0,256.0,9620.0,9880.0,12767.0,48578.0,45335.0,45335.0,8083.0,115267.0,47072.0,90609.0,24658.0,115267.0,256.0,3777.0,-2659.0,3259.0,-2659.0,1118.0,24658.0,11387.0,0.09,4.67,9640.0,2017-09
AMZN,60453.0,6670.0,2127.0,1857.0,1857.0,9660.0,9920.0,20522.0,60197.0,72656.0,48866.0,5526.0,131310.0,57883.0,103601.0,27709.0,131310.0,1857.0,12358.0,-3036.0,5625.0,-3036.0,9322.0,27709.0,10988.0,0.11,4.74,9680.0,2017-12
AMZN,51042.0,5756.0,1927.0,1629.0,1629.0,9680.0,9960.0,16676.0,50829.0,52331.0,52331.0,9814.0,126362.0,48045.0,94899.0,31463.0,126362.0,1629.0,-1791.0,-2727.0,5598.0,-2727.0,-4518.0,31463.0,18075.0,0.11,4.02,9700.0,2018-03
AMZN,52886.0,7075.0,2983.0,2534.0,2534.0,9720.0,10000.0,19823.0,54481.0,54768.0,54768.0,10907.0,134100.0,50801.0,99105.0,34995.0,134100.0,2534.0,7449.0,-2949.0,6613.0,-2949.0,4500.0,34995.0,21051.0,0.13,3.83,9740.0,2018-06
AMZN,56576.0,8136.0,3724.0,2883.0,2883.0,9760.0,10020.0,20425.0,59885.0,58019.0,58019.0,11238.0,143695.0,55324.0,104570.0,39125.0,143695.0,2883.0,8588.0,-2527.0,7502.0,-2527.0,6061.0,39125.0,24572.0,0.14,3.67,9780.0,2018-09
AMZN,72383.0,9900.0,3786.0,3027.0,3027.0,9800.0,10000.0,31750.0,75101.0,95770.0,61797.0,7092.0,162648.0,68391.0,119099.0,43549.0,162648.0,3027.0,16477.0,-3120.0,8048.0,-3120.0,13357.0,43549.0,24891.0,0.14,3.73,9820.0,2018-12
AMZN,59700.0,9252.0,4420.0,3561.0,3561.0,9820.0,10040.0,23115.0,69431.0,81180.0,81180.0,12783.0,178102.0,63695.0,129692.0,48410.0,178102.0,3561.0,1846.0,-2721.0,9274.0,-2721.0,-875.0,48410.0,33702.0,0.15,3.68,9840.0,2019-03
AMZN,63404.0,8731.0,3084.0,2625.0,2625.0,9860.0,10060.0,22616.0,76790.0,86372.0,86372.0,13462.0,191351.0,69678.0,138290.0,53061.0,191351.0,2625.0,9118.0,-2643.0,8286.0,-2643.0,6475.0,53061.0,38334.0,0.14,3.61,9880.0,2019-06
AMZN,69981.0,9312.0,3157.0,2134.0,2134.0,9900.0,10080.0,23255.0,79054.0,90776.0,90776.0,14535.0,199099.0,72136.0,142591.0,56508.0,199099.0,2134.0,7892.0,-3385.0,8720.0,-3385.0,4507.0,56508.0,41774.0,0.13,3.52,9900.0,2019-09
AMZN,87436.0,11527.0,3879.0,3268.0,3268.0,9940.0,10140.0,36092.0,96334.0,144821.0,97846.0,12265.0,225248.0,87812.0,163188.0,62060.0,225248.0,3268.0,19659.0,-3940.0,10049.0,-3940.0,15719.0,62060.0,43257.0,0.13,3.63,9960.0,2019-12
AMZN,75452.0,10339.0,3989.0,2535.0,2535.0,9960.0,10120.0,27201.0,85985.0,104058.0,104058.0,16456.0,221238.0,79711.0,155966.0,65272.0,221238.0,2535.0,3064.0,-5428.0,9351.0,-5428.0,-2364.0,65272.0,50533.0,0.14,3.39,9980.0,2020-03
AMZN,88912.0,12058.0,5843.0,5243.0,5243.0,10000.0,10180.0,37466.0,110908.0,115054.0,115054.0,17601.0,258314.0,93896.0,184586.0,73728.0,258314.0,5243.0,20606.0,-6615.0,11591.0,-6615.0,13991.0,73728.0,58977.0,0.14,3.5,10020.0,2020-06
AMZN,96145.0,13358.0,6194.0,6331.0,6331.0,10020.0,10240.0,29930.0,112969.0,134100.0,134100.0,20150.0,282179.0,101912.0,199404.0,82775.0,282179.0,6331.0,11964.0,-9808.0,12717.0,-9808.0,2156.0,82775.0,67815.0,0.14,3.41,10040.0,2020-09
AMZN,125555.0,15748.0,6873.0,7222.0,7222.0,10000.0,10260.0,42122.0,132733.0,211101.0,150667.0,17797.0,321195.0,126385.0,227791.0,93404.0,321195.0,7222.0,30431.0,-13194.0,14491.0,-13194.0,17237.0,93404.0,73406.0,0.13,3.44,10060.0,2020-12
AMZN,108518.0,17097.0,8865.0,8107.0,8107.0,10080.0,10260.0,33834.0,121408.0,160789.0,160789.0,25660.0,323077.0,115404.0,219757.0,103320.0,323077.0,8107.0,4213.0,-11187.0,16373.0,-11187.0,-6974.0,103320.0,88100.0,0.16,3.13,10072.0,2021-03
AMZN,113080.0,17395.0,7702.0,7778.0,7778.0,10103.0,10286.0,40380.0,140848.0,176848.0,176848.0,27273.0,360319.0,117792.0,245516.0,114803.0,360319.0,7778.0,12715.0,-12988.0,15740.0,-12988.0,-273.0,114803.0,99453.0,0.15,3.14,10120.0,2021-06
AMZN,110812.0,15004.0,4852.0,3156.0,3156.0,10132.0,10309.0,29944.0,138531.0,199303.0,199303.0,29227.0,382406.0,123994.0,261842.0,120564.0,382406.0,3156.0,7313.0,-14751.0,13800.0,-14751.0,-7438.0,120564.0,105219.0,0.14,3.17,10140.0,2021-09
AMZN,137412.0,16819.0,3460.0,14323.0,14323.0,10171.0,10339.0,36220.0,161580.0,294882.0,216363.0,22128.0,420549.0,142266.0,282304.0,138245.0,420549.0,14323.0,22086.0,-16470.0,13262.0,-16470.0,5616.0,138245.0,117767.0,0.12,3.04,10180.0,2021-12
AMZN,116444.0,14832.0,3669.0,-3844.0,-3844.0,10180.0,10180.0,36393.0,133876.0,224629.0,224629.0,32033.0,410767.0,139508.0,276766.0,134001.0,410767.0,-3844.0,-2790.0,-13742.0,12647.0,-13742.0,-16532.0,134001.0,113772.0,0.13,3.07,10180.0,2022-03
AMZN,121234.0,16396.0,3317.0,-2028.0,-2028.0,10175.0,10175.0,37478.0,133667.0,232136.0,232136.0,33730.0,419728.0,140291.0,288326.0,131402.0,419728.0,-2028.0,8965.0,-14098.0,12911.0,-14098.0,-5133.0,131402.0,111207.0,0.14,3.19,10183.0,2022-06
AMZN,127101.0,16765.0,2525.0,2872.0,2872.0,10191.0,10331.0,34947.0,131463.0,239228.0,239228.0,37503.0,428362.0,140363.0,290873.0,137489.0,428362.0,2872.0,11404.0,-15041.0,12729.0,-15041.0,-3637.0,137489.0,117321.0,0.13,3.12,10198.0,2022-09
INTC,6751.0,3512.0,1391.0,915.0,915.0,6556.0,6610.0,7134.0,19076.0,37405.0,17589.0,2813.0,43806.0,6279.0,8405.0,35401.0,43806.0,915.0,1710.0,-954.0,2655.0,-954.0,756.0,35401.0,31073.0,0.52,1.24,6534.0,2003-03
INTC,6816.0,3468.0,1276.0,896.0,896.0,6525.0,6580.0,8382.0,20102.0,37926.0,17292.0,2757.0,44465.0,6699.0,8975.0,35490.0,44465.0,896.0,2649.0,-923.0,2551.0,-923.0,1726.0,35490.0,31176.0,0.51,1.25,6510.0,2003-06
INTC,7833.0,4558.0,2309.0,1657.0,1657.0,6517.0,6625.0,9406.0,22338.0,38732.0,17220.0,3128.0,47003.0,7269.0,9642.0,37361.0,47003.0,1657.0,3188.0,-1072.0,3570.0,-1072.0,2116.0,37361.0,33044.0,0.58,1.26,6532.0,2003-09
INTC,8741.0,5556.0,2562.0,2173.0,2173.0,6512.0,6669.0,7971.0,22882.0,38692.0,16661.0,3895.0,47143.0,6879.0,9297.0,37846.0,47143.0,2173.0,3968.0,-707.0,3832.0,-707.0,3261.0,37846.0,34141.0,0.64,1.25,6487.0,2003-12
INTC,8091.0,4870.0,2476.0,1730.0,1730.0,6480.0,6624.0,7539.0,23091.0,39095.0,16192.0,4100.0,47088.0,6416.0,8978.0,38110.0,47088.0,1730.0,1769.0,-680.0,3709.0,-680.0,1089.0,38110.0,34405.0,0.6,1.24,6468.0,2004-03
INTC,8049.0,4780.0,2381.0,1757.0,1757.0,6449.0,6558.0,7153.0,24758.0,39567.0,16007.0,4177.0,48672.0,7538.0,10079.0,38593.0,48672.0,1757.0,4065.0,-1026.0,3606.0,-1026.0,3039.0,38593.0,34863.0,0.59,1.26,6415.0,2004-06
INTC,8471.0,4719.0,2373.0,1906.0,1906.0,6375.0,6442.0,6533.0,23990.0,40138.0,15924.0,4152.0,47800.0,7810.0,9605.0,38195.0,47800.0,1906.0,3170.0,-1106.0,3593.0,-1106.0,2064.0,38195.0,34461.0,0.56,1.25,6323.0,2004-09
INTC,9598.0,5377.0,2900.0,2123.0,2123.0,6295.0,6353.0,8407.0,24058.0,39833.0,15768.0,4598.0,48143.0,8006.0,9564.0,38579.0,48143.0,2123.0,4115.0,-1031.0,4111.0,-1031.0,3084.0,38579.0,34860.0,0.56,1.25,6253.0,2004-12
INTC,9434.0,5598.0,3032.0,2178.0,2178.0,6211.0,6273.0,9279.0,23478.0,40386.0,16321.0,4051.0,47566.0,8573.0,9855.0,37711.0,47566.0,2178.0,3756.0,-1788.0,4288.0,-1788.0,1968.0,37711.0,33995.0,0.59,1.26,6173.0,2005-03
INTC,9231.0,5203.0,2649.0,2038.0,2038.0,6144.0,6215.0,8975.0,22190.0,42329.0,16624.0,3894.0,46513.0,7780.0,8899.0,37614.0,46513.0,2038.0,2972.0,-1389.0,3766.0,-1389.0,1583.0,37614.0,33809.0,0.56,1.24,6093.0,2005-06
INTC,9960.0,5948.0,3100.0,1995.0,1995.0,6062.0,6144.0,8857.0,21724.0,43128.0,16825.0,4997.0,47360.0,9499.0,10684.0,36676.0,47360.0,1995.0,4366.0,-1282.0,4214.0,-1282.0,3084.0,36676.0,32862.0,0.6,1.29,6028.0,2005-09
INTC,10201.0,6300.0,3309.0,2453.0,2453.0,6007.0,6079.0,7324.0,21194.0,44132.0,17111.0,6136.0,48314.0,9234.0,12132.0,36182.0,48314.0,2453.0,3729.0,-1359.0,4417.0,-1359.0,2370.0,36182.0,32309.0,0.62,1.34,5919.0,2005-12
INTC,8940.0,4943.0,1718.0,1357.0,1357.0,5854.0,5954.0,3948.0,18027.0,45404.0,17618.0,7676.0,47194.0,9843.0,12836.0,34358.0,47194.0,1357.0,2096.0,-1758.0,2932.0,-1758.0,338.0,34358.0,30485.0,0.55,1.37,5808.0,2006-03
INTC,8009.0,4171.0,1072.0,885.0,885.0,5801.0,5868.0,3436.0,16755.0,46463.0,18098.0,7364.0,46088.0,8422.0,11292.0,34796.0,46088.0,885.0,1542.0,-1766.0,2287.0,-1766.0,-224.0,34796.0,30925.0,0.52,1.32,5767.0,2006-06
INTC,8739.0,4294.0,1472.0,1301.0,1301.0,5769.0,5832.0,4469.0,17604.0,46975.0,18038.0,7352.0,46855.0,9057.0,11838.0,35017.0,46855.0,1301.0,2811.0,-1188.0,2728.0,-1188.0,1623.0,35017.0,31156.0,0.49,1.34,5758.0,2006-09
INTC,9694.0,4810.0,1945.0,1501.0,1501.0,5764.0,5865.0,6598.0,18280.0,47084.0,17602.0,8625.0,48368.0,8514.0,11616.0,36752.0,48368.0,1501.0,4171.0,-1067.0,3172.0,-1067.0,3104.0,36752.0,32891.0,0.5,1.32,5767.0,2006-12
INTC,8852.0,4432.0,1750.0,1636.0,1636.0,5777.0,5874.0,4472.0,17694.0,47910.0,17617.0,9584.0,48756.0,6626.0,11230.0,37526.0,48756.0,1636.0,1552.0,-1361.0,3001.0,-1361.0,191.0,37526.0,33665.0,0.5,1.3,5810.0,2007-03
INTC,8680.0,4075.0,1432.0,1278.0,1278.0,5809.0,5917.0,4709.0,19648.0,46805.0,17143.0,9642.0,50294.0,6464.0,10596.0,39698.0,50294.0,1278.0,2417.0,-1278.0,2645.0,-1278.0,1139.0,39698.0,35837.0,0.47,1.27,5840.0,2007-06
INTC,10090.0,5171.0,2269.0,1791.0,1791.0,5837.0,5967.0,5844.0,21426.0,46967.0,16985.0,10711.0,53039.0,7763.0,12137.0,40902.0,53039.0,1791.0,3922.0,-1088.0,3432.0,-1088.0,2834.0,40902.0,36985.0,0.51,1.3,5837.0,2007-09
INTC,10712.0,6226.0,3054.0,2271.0,2271.0,5840.0,5987.0,7307.0,23885.0,46052.0,16918.0,10932.0,55651.0,8571.0,12889.0,42762.0,55651.0,2271.0,4734.0,-1273.0,4225.0,-1273.0,3461.0,42762.0,38846.0,0.58,1.3,5788.0,2007-12
INTC,9673.0,5207.0,2391.0,1443.0,1443.0,5787.0,5879.0,5883.0,22064.0,46927.0,16667.0,10740.0,53387.0,8668.0,12727.0,40660.0,53387.0,1443.0,2215.0,-907.0,3556.0,-907.0,1308.0,40660.0,36744.0,0.54,1.31,5722.0,2008-03
INTC,9470.0,5249.0,2351.0,1601.0,1601.0,5699.0,5800.0,4079.0,19778.0,46533.0,16723.0,11976.0,52392.0,8032.0,12031.0,40361.0,52392.0,1601.0,2828.0,-1151.0,3456.0,-1151.0,1677.0,40361.0,36446.0,0.55,1.3,5640.0,2008-06
INTC,10217.0,6019.0,3132.0,2014.0,2014.0,5603.0,5692.0,3704.0,21423.0,47368.0,17026.0,10346.0,52719.0,10068.0,13808.0,38911.0,52719.0,2014.0,3287.0,-1374.0,4259.0,-1374.0,1913.0,38911.0,34987.0,0.59,1.35,5562.0,2008-09
INTC,8226.0,4369.0,1790.0,234.0,234.0,5564.0,5622.0,3350.0,19871.0,48118.0,17574.0,5819.0,50472.0,7818.0,10926.0,39546.0,50472.0,234.0,2596.0,-1765.0,3009.0,-1765.0,831.0,39546.0,35614.0,0.53,1.28,5562.0,2008-12
INTC,7145.0,3238.0,721.0,629.0,629.0,5573.0,5634.0,3536.0,18142.0,49010.0,17815.0,5640.0,48454.0,6341.0,9390.0,39064.0,48454.0,629.0,378.0,-1509.0,1991.0,-1509.0,-1131.0,39064.0,35132.0,0.45,1.24,5585.0,2009-03
INTC,8024.0,4079.0,79.0,-398.0,-398.0,5595.0,5595.0,3826.0,18467.0,48471.0,17515.0,5632.0,49061.0,7079.0,10014.0,39047.0,49061.0,-398.0,3384.0,-981.0,1365.0,-981.0,2403.0,39047.0,35115.0,0.51,1.26,5597.0,2009-06
INTC,9389.0,5404.0,2642.0,1856.0,1856.0,5537.0,5616.0,4109.0,19247.0,48615.0,17354.0,5597.0,50996.0,7749.0,11963.0,39033.0,50996.0,1856.0,4003.0,-944.0,3877.0,-944.0,3059.0,39033.0,34612.0,0.58,1.31,5520.0,2009-09
INTC,10569.0,6840.0,2500.0,2282.0,2282.0,5524.0,5651.0,3987.0,21157.0,47822.0,17225.0,5340.0,53095.0,7591.0,11391.0,41704.0,53095.0,2282.0,3405.0,-1081.0,3761.0,-1081.0,2324.0,41704.0,37283.0,0.65,1.27,5523.0,2009-12
INTC,10299.0,6529.0,3448.0,2442.0,2442.0,5529.0,5681.0,4988.0,23724.0,47963.0,17028.0,5317.0,55773.0,8912.0,12873.0,42900.0,55773.0,2442.0,4079.0,-928.0,4589.0,-928.0,3151.0,42900.0,38448.0,0.63,1.3,5537.0,2010-03
INTC,10765.0,7235.0,3981.0,2887.0,2887.0,5563.0,5711.0,5514.0,26464.0,48418.0,16946.0,4937.0,57691.0,7937.0,11850.0,45841.0,57691.0,2887.0,3486.0,-1048.0,5130.0,-1048.0,2438.0,45841.0,41360.0,0.67,1.26,5567.0,2010-06
INTC,11457.0,7406.0,4023.0,3180.0,3180.0,5552.0,5699.0,5498.0,31611.0,50481.0,17899.0,4251.0,63186.0,9327.0,13756.0,49430.0,63186.0,3180.0,5550.0,-1869.0,5229.0,-1869.0,3681.0,49430.0,44039.0,0.65,1.28,5511.0,2010-12
INTC,12847.0,7885.0,4158.0,3160.0,3160.0,5452.0,5606.0,4188.0,22795.0,53012.0,19559.0,4414.0,65552.0,11565.0,18203.0,47349.0,65552.0,3160.0,4013.0,-2723.0,5600.0,-2723.0,1290.0,47349.0,31408.0,0.61,1.38,5336.0,2011-03
INTC,13032.0,7902.0,3935.0,2954.0,2954.0,5294.0,5441.0,4635.0,23102.0,54871.0,20778.0,4484.0,66089.0,10354.0,17366.0,48723.0,66089.0,2954.0,3971.0,-2484.0,5439.0,-2484.0,1487.0,48723.0,32882.0,0.61,1.36,5285.0,2011-06
INTC,14233.0,9018.0,4785.0,3468.0,3468.0,5194.0,5340.0,7057.0,26698.0,56817.0,22157.0,4739.0,70551.0,11909.0,24434.0,46117.0,70551.0,3468.0,6349.0,-2713.0,6314.0,-2713.0,3636.0,46117.0,30534.0,0.63,1.53,5118.0,2011-09
INTC,13887.0,8952.0,4599.0,3360.0,3360.0,5073.0,5246.0,5065.0,25872.0,58073.0,23627.0,1850.0,71119.0,12028.0,25208.0,45911.0,71119.0,3360.0,6630.0,-2844.0,6188.0,-2844.0,3786.0,45911.0,30390.0,0.64,1.55,5000.0,2011-12
INTC,12906.0,8265.0,3810.0,2738.0,2738.0,4999.0,5192.0,4429.0,25421.0,60602.0,25027.0,4600.0,71817.0,11941.0,25057.0,46760.0,71817.0,2738.0,2972.0,-2974.0,5595.0,-2974.0,-2.0,46760.0,31308.0,0.64,1.54,5006.0,2012-03
INTC,13501.0,8554.0,3832.0,2827.0,2827.0,5022.0,5199.0,5223.0,25785.0,61999.0,25976.0,4008.0,72352.0,10538.0,23573.0,48779.0,72352.0,2827.0,4739.0,-2662.0,5671.0,-2662.0,2077.0,48779.0,33363.0,0.63,1.48,5013.0,2012-06
INTC,13457.0,8515.0,3841.0,2972.0,2972.0,4996.0,5153.0,3520.0,23014.0,64166.0,27157.0,4033.0,74441.0,11953.0,25172.0,49269.0,74441.0,2972.0,5147.0,-2887.0,5734.0,-2887.0,2260.0,49269.0,33425.0,0.63,1.51,4982.0,2012-09
INTC,13477.0,7817.0,3155.0,2468.0,2468.0,4966.0,5097.0,8478.0,31358.0,66046.0,27983.0,1954.0,84351.0,12898.0,33148.0,51203.0,84351.0,2468.0,6026.0,-2504.0,5160.0,-2504.0,3522.0,51203.0,35258.0,0.58,1.65,4944.0,2012-12
INTC,12580.0,7066.0,2519.0,2045.0,2045.0,4948.0,5080.0,5698.0,28677.0,67441.0,28418.0,2250.0,83083.0,11798.0,31889.0,51194.0,83083.0,2045.0,4285.0,-2174.0,4583.0,-2174.0,2111.0,51194.0,35631.0,0.56,1.62,4948.0,2013-03
INTC,12811.0,7470.0,2719.0,2000.0,2000.0,4978.0,5106.0,3778.0,29048.0,69505.0,29345.0,2502.0,85661.0,11389.0,31821.0,53840.0,85661.0,2000.0,4722.0,-2723.0,4710.0,-2723.0,1999.0,53840.0,38215.0,0.58,1.59,4981.0,2013-06
INTC,13483.0,8414.0,3628.0,2950.0,2950.0,4981.0,5100.0,4881.0,31350.0,71628.0,30346.0,2669.0,90551.0,13875.0,35099.0,55452.0,90551.0,2950.0,5731.0,-2866.0,5649.0,-2866.0,2865.0,55452.0,39551.0,0.62,1.63,4973.0,2013-09
INTC,13834.0,8571.0,3665.0,2625.0,2625.0,4973.0,5103.0,5674.0,32084.0,73416.0,31428.0,3181.0,92358.0,13568.0,34102.0,58256.0,92358.0,2625.0,6038.0,-2948.0,5621.0,-2948.0,3090.0,58256.0,42593.0,0.62,1.59,4967.0,2013-12
INTC,12764.0,7613.0,2647.0,1930.0,1930.0,4974.0,5117.0,4777.0,30554.0,75293.0,32502.0,3054.0,91932.0,13552.0,33894.0,58038.0,91932.0,1930.0,3501.0,-2689.0,4654.0,-2689.0,812.0,58038.0,42458.0,0.6,1.58,4972.0,2014-03
INTC,13831.0,8917.0,3925.0,2796.0,2796.0,4981.0,5123.0,3049.0,29006.0,77145.0,33115.0,2856.0,91793.0,12251.0,32546.0,59247.0,91793.0,2796.0,5453.0,-2828.0,6095.0,-2828.0,2625.0,59247.0,43929.0,0.64,1.55,4948.0,2014-06
INTC,14554.0,9458.0,4560.0,3317.0,3317.0,4880.0,5045.0,3143.0,27509.0,78503.0,33135.0,3008.0,90616.0,14904.0,34543.0,56073.0,90616.0,3317.0,5693.0,-2445.0,6758.0,-2445.0,3248.0,56073.0,41138.0,0.65,1.62,4857.0,2014-09
INTC,14721.0,9621.0,4510.0,3661.0,3661.0,4769.0,4939.0,2561.0,27730.0,79709.0,33238.0,3290.0,91900.0,16011.0,36035.0,55865.0,91900.0,3661.0,5771.0,-2143.0,6684.0,-2143.0,3628.0,55865.0,40558.0,0.65,1.65,4748.0,2014-12
INTC,12781.0,7730.0,2720.0,1992.0,1992.0,4741.0,4914.0,4244.0,26466.0,81286.0,33296.0,3229.0,89566.0,15035.0,34642.0,54924.0,89566.0,1992.0,4415.0,-2025.0,4819.0,-2025.0,2390.0,54924.0,39947.0,0.6,1.63,4742.0,2015-03
INTC,13195.0,8248.0,3144.0,2706.0,2706.0,4759.0,4909.0,4454.0,26710.0,82328.0,32683.0,3396.0,90492.0,13529.0,32797.0,57695.0,90492.0,2706.0,3440.0,-1767.0,5335.0,-1767.0,1673.0,57695.0,42432.0,0.63,1.57,4753.0,2015-06
INTC,14465.0,9111.0,4206.0,3109.0,3109.0,4747.0,4876.0,7065.0,36205.0,83002.0,31597.0,3675.0,98552.0,15080.0,41455.0,57097.0,98552.0,3109.0,5735.0,-1206.0,6481.0,-1206.0,4529.0,57097.0,42049.0,0.63,1.73,4730.0,2015-09
INTC,14914.0,9590.0,4286.0,3613.0,3613.0,4721.0,4876.0,15308.0,38320.0,83396.0,31858.0,3642.0,101459.0,15646.0,40374.0,61085.0,101459.0,3613.0,5428.0,-2328.0,6432.0,-2328.0,3100.0,61085.0,45820.0,0.64,1.66,4725.0,2015-12
INTC,13702.0,8130.0,2568.0,2046.0,2046.0,4722.0,4875.0,3061.0,27397.0,84843.0,32644.0,3344.0,105467.0,17526.0,44293.0,61174.0,105467.0,2046.0,4055.0,-1346.0,4583.0,-1346.0,2709.0,61174.0,33092.0,0.59,1.72,4716.0,2016-03
INTC,13533.0,7973.0,2732.0,1330.0,1330.0,4729.0,4866.0,3885.0,31188.0,87117.0,33804.0,3273.0,109831.0,18711.0,48464.0,61367.0,109831.0,1330.0,3845.0,-2286.0,4649.0,-2286.0,1559.0,61367.0,33554.0,0.59,1.79,4728.0,2016-06
INTC,15778.0,9983.0,4834.0,3378.0,3378.0,4734.0,4877.0,4752.0,36216.0,88767.0,34707.0,3026.0,112217.0,20093.0,49102.0,63115.0,112217.0,3378.0,5758.0,-2463.0,6762.0,-2463.0,3295.0,63115.0,39723.0,0.63,1.78,4739.0,2016-09
INTC,16374.0,10147.0,4743.0,3562.0,3562.0,4736.0,4884.0,5560.0,35508.0,90105.0,36171.0,2733.0,113327.0,20302.0,47101.0,66226.0,113327.0,3562.0,8150.0,-3530.0,6673.0,-3530.0,4620.0,66226.0,42633.0,0.62,1.71,4730.0,2016-12
INTC,14796.0,9160.0,3712.0,2964.0,2964.0,4723.0,4881.0,4934.0,36058.0,92084.0,36911.0,2710.0,115648.0,21305.0,48804.0,66844.0,115648.0,2964.0,3898.0,-1952.0,5658.0,-1952.0,1946.0,66844.0,43588.0,0.62,1.73,4709.0,2017-03
INTC,14763.0,9096.0,3947.0,2808.0,2808.0,4710.0,4845.0,11687.0,40617.0,94650.0,38130.0,5021.0,122107.0,18782.0,53482.0,68625.0,122107.0,2808.0,4707.0,-2778.0,5935.0,-2778.0,1929.0,68625.0,45656.0,0.62,1.78,4699.0,2017-06
INTC,16149.0,10064.0,5145.0,4516.0,4516.0,4688.0,4821.0,9075.0,33154.0,97520.0,39472.0,2987.0,127088.0,20689.0,56152.0,70936.0,127088.0,4516.0,6264.0,-2979.0,7200.0,-2979.0,3285.0,70936.0,33489.0,0.62,1.79,4680.0,2017-09
INTC,17053.0,10778.0,5630.0,-687.0,-687.0,4683.0,4793.0,3433.0,29500.0,100395.0,41109.0,3215.0,123249.0,17421.0,54230.0,69019.0,123249.0,-687.0,7241.0,-4069.0,7770.0,-4069.0,3172.0,69019.0,31885.0,0.63,1.79,4687.0,2017-12
INTC,16066.0,9731.0,4470.0,4454.0,4454.0,4674.0,4790.0,3554.0,31630.0,104400.0,43735.0,3614.0,128596.0,19961.0,58431.0,70165.0,128596.0,4454.0,6284.0,-2910.0,6666.0,-2910.0,3374.0,70165.0,33464.0,0.61,1.83,4660.0,2018-03
INTC,16962.0,10419.0,5273.0,5006.0,5006.0,4649.0,4747.0,2614.0,27603.0,107985.0,45914.0,3690.0,125972.0,17571.0,55925.0,70047.0,125972.0,5006.0,7413.0,-4530.0,7395.0,-4530.0,2883.0,70047.0,33598.0,0.61,1.8,4611.0,2018-06
INTC,19163.0,12360.0,7277.0,6398.0,6398.0,4574.0,4648.0,3407.0,29590.0,110755.0,47071.0,3955.0,128242.0,19574.0,56759.0,71483.0,128242.0,6398.0,8835.0,-3851.0,9551.0,-3851.0,4984.0,71483.0,34970.0,0.64,1.79,4564.0,2018-09
INTC,18657.0,11227.0,6224.0,5195.0,5195.0,4548.0,4620.0,3019.0,28787.0,114318.0,48976.0,4421.0,127963.0,16626.0,53400.0,74563.0,127963.0,5195.0,6900.0,-3890.0,8717.0,-3890.0,3010.0,74563.0,38214.0,0.6,1.72,4516.0,2018-12
INTC,16061.0,9089.0,4174.0,3974.0,3974.0,4492.0,4564.0,3154.0,29060.0,117478.0,50040.0,5661.0,129458.0,18911.0,55797.0,73661.0,129458.0,3974.0,4959.0,-3321.0,6799.0,-3321.0,1638.0,73661.0,37683.0,0.57,1.76,4477.0,2019-03
INTC,16505.0,9878.0,4801.0,4179.0,4179.0,4466.0,4523.0,2867.0,29239.0,120604.0,51377.0,6105.0,130759.0,19705.0,55812.0,74947.0,130759.0,4179.0,7587.0,-3554.0,7355.0,-3554.0,4033.0,74947.0,39115.0,0.6,1.74,4430.0,2019-06
INTC,19190.0,11295.0,6551.0,5990.0,5990.0,4391.0,4433.0,3935.0,29957.0,124746.0,53563.0,6255.0,133768.0,25064.0,59526.0,74242.0,133768.0,5990.0,10711.0,-4672.0,9230.0,-4672.0,6039.0,74242.0,38496.0,0.59,1.8,4350.0,2019-09
INTC,20209.0,11878.0,6902.0,6905.0,6905.0,4318.0,4371.0,4194.0,31239.0,128707.0,55386.0,5553.0,136524.0,22310.0,59020.0,77504.0,136524.0,6905.0,9888.0,-4666.0,9870.0,-4666.0,5222.0,77504.0,40401.0,0.59,1.76,4290.0,2019-12
INTC,19828.0,12016.0,7200.0,5661.0,5661.0,4266.0,4312.0,11380.0,41501.0,132456.0,56770.0,5911.0,147710.0,23895.0,71356.0,76354.0,147710.0,5661.0,6158.0,-3268.0,10250.0,-3268.0,2890.0,76354.0,39649.0,0.61,1.93,4234.0,2020-03
INTC,19728.0,10507.0,5706.0,5105.0,5105.0,4246.0,4284.0,8736.0,44390.0,136024.0,58036.0,6082.0,152539.0,22481.0,70529.0,82010.0,152539.0,5105.0,11157.0,-3408.0,8769.0,-3408.0,7749.0,82010.0,44764.0,0.53,1.86,4253.0,2020-06
INTC,18333.0,9741.0,5034.0,4276.0,4276.0,4188.0,4211.0,3356.0,36785.0,139289.0,59205.0,6036.0,145261.0,22112.0,70707.0,74554.0,145261.0,4276.0,8179.0,-3716.0,8157.0,-3716.0,4463.0,74554.0,37718.0,0.53,1.95,4098.0,2020-09
INTC,19978.0,11348.0,5936.0,5857.0,5857.0,4097.0,4121.0,5865.0,47249.0,134229.0,56584.0,5917.0,153091.0,24754.0,72053.0,81038.0,153091.0,5857.0,9890.0,-4061.0,8939.0,-4061.0,5829.0,81038.0,45041.0,0.57,1.89,4062.0,2020-12
INTC,19673.0,10854.0,5903.0,3361.0,3361.0,4056.0,4096.0,5192.0,45773.0,137108.0,57330.0,5327.0,150622.0,24151.0,70815.0,79807.0,150622.0,3361.0,5348.0,-4388.0,8805.0,-4388.0,960.0,79807.0,44428.0,0.55,1.89,4038.0,2021-03
INTC,19631.0,11206.0,5892.0,5061.0,5061.0,4049.0,4084.0,4746.0,49372.0,139724.0,58166.0,5356.0,154597.0,24836.0,69390.0,85207.0,154597.0,5061.0,8801.0,-3868.0,8749.0,-3868.0,4933.0,85207.0,50421.0,0.57,1.81,4057.0,2021-06
INTC,19192.0,10746.0,5269.0,6823.0,6823.0,4061.0,4086.0,7870.0,61304.0,143157.0,59733.0,5452.0,167962.0,29572.0,77875.0,90087.0,167962.0,6823.0,9904.0,-4441.0,8228.0,-4441.0,5463.0,90087.0,55617.0,0.56,1.86,4067.0,2021-09
INTC,20528.0,11009.0,5018.0,4623.0,4623.0,4071.0,4093.0,4827.0,57718.0,148539.0,63245.0,6072.0,168406.0,27462.0,73015.0,95391.0,168406.0,4623.0,5938.0,-7632.0,8092.0,-7632.0,-1694.0,95391.0,61158.0,0.54,1.77,4070.0,2021-12
INTC,18353.0,9244.0,3130.0,8113.0,8113.0,4079.0,4107.0,6215.0,62568.0,153814.0,66718.0,7210.0,176356.0,29322.0,73220.0,103136.0,176356.0,8113.0,5891.0,-4797.0,6478.0,-4797.0,1094.0,103136.0,69312.0,0.5,1.71,4089.0,2022-03
INTC,15321.0,5587.0,-613.0,-454.0,-454.0,4100.0,4100.0,4390.0,50588.0,160823.0,71660.0,8227.0,170418.0,27218.0,69200.0,101218.0,170418.0,-454.0,809.0,-7255.0,2535.0,-7255.0,-6446.0,101218.0,67204.0,0.36,1.68,4106.0,2022-06
INTC,15338.0,6535.0,489.0,1019.0,1019.0,4118.0,4125.0,4529.0,49263.0,167180.0,75763.0,10134.0,174841.0,27813.0,74956.0,99885.0,174841.0,1019.0,1030.0,-7299.0,3741.0,-7299.0,-6269.0,99885.0,66026.0,0.43,1.75,4127.0,2022-09
GM,36882.0,3712.0,280.0,1406.0,510.0,1500.137,1500.137,21061.0,53053.0,22512.0,19235.0,14421.0,138898.0,47157.0,101739.0,37159.0,138898.0,1472.0,-1539.0,3110.0,280.0,3110.0,1571.0,26768.0,-16892.0,0.1,3.74,1500.14,2010-12
GM,36194.0,4344.0,1344.0,3366.0,3151.0,1504.0,1817.0,20975.0,62949.0,19944.0,19944.0,14511.0,145846.0,51682.0,106760.0,39086.0,145846.0,3411.0,-377.0,-1626.0,1344.0,-1626.0,-2003.0,28695.0,-12810.0,0.12,3.73,1560.76,2011-03
GM,39373.0,5394.0,2451.0,2992.0,2524.0,1505.0,1654.0,20471.0,65984.0,20989.0,20989.0,15153.0,150415.0,53848.0,108383.0,42032.0,150415.0,3037.0,5064.0,-1255.0,2451.0,-1255.0,3809.0,31641.0,-9488.0,0.14,3.58,1561.45,2011-06
GM,36719.0,4773.0,1806.0,2107.0,1726.0,1562.0,1682.0,20297.0,64010.0,21556.0,21556.0,15016.0,148497.0,51748.0,102881.0,45616.0,148497.0,2092.0,2037.0,-1729.0,1806.0,-1729.0,308.0,35225.0,-5156.0,0.13,3.26,1564.37,2011-09
GM,37990.0,4594.0,1341.0,725.0,1218.0,1572.0,1668.0,16071.0,64923.0,28476.0,23790.0,10067.0,144603.0,53226.0,105612.0,38991.0,144603.0,747.0,1442.0,3820.0,1341.0,3820.0,5262.0,28600.0,-10433.0,0.12,3.71,1564.73,2011-12
GM,37759.0,4601.0,1613.0,1315.0,1004.0,1572.0,1692.0,17378.0,69216.0,24275.0,24275.0,11790.0,150194.0,56577.0,110054.0,40140.0,150194.0,1350.0,2499.0,-296.0,1613.0,-296.0,2203.0,29749.0,-8371.0,0.12,3.74,1565.84,2012-03
GM,37614.0,4668.0,1821.0,1846.0,1632.0,1569.0,1671.0,22184.0,70233.0,25026.0,25026.0,12073.0,151987.0,56651.0,110377.0,41610.0,151987.0,1901.0,3942.0,-294.0,1821.0,-294.0,3648.0,31219.0,-6378.0,0.12,3.65,1565.94,2012-06
GM,37576.0,4530.0,1681.0,1833.0,1618.0,1570.0,1663.0,23320.0,72107.0,26578.0,26578.0,11940.0,155456.0,57623.0,112827.0,42629.0,155456.0,1854.0,3383.0,-211.0,1681.0,-211.0,3172.0,32238.0,-5074.0,0.12,3.65,1565.98,2012-09
GM,39307.0,-2986.0,-8333.0,1194.0,979.0,1554.0,1675.0,18422.0,69996.0,31662.0,25845.0,37916.0,149422.0,53992.0,112422.0,37000.0,149422.0,1031.0,781.0,-190.0,-8333.0,-190.0,591.0,26609.0,17827.0,-0.08,4.04,1366.37,2012-12
GM,36884.0,3911.0,959.0,1175.0,960.0,1372.0,1507.0,20643.0,72570.0,26932.0,26932.0,37838.0,153775.0,56539.0,115440.0,38335.0,153775.0,1185.0,819.0,-441.0,959.0,-441.0,378.0,27944.0,18979.0,0.11,4.01,1400.0,2013-03
GM,39075.0,4676.0,1751.0,1414.0,1200.0,1376.0,1677.0,19697.0,77745.0,27926.0,27926.0,41385.0,163110.0,60021.0,124106.0,39004.0,163110.0,1388.0,4893.0,-601.0,1751.0,-601.0,4292.0,28613.0,20022.0,0.12,4.18,1400.0,2013-06
GM,38983.0,5192.0,2316.0,1717.0,698.0,1386.0,1681.0,20355.0,81164.0,29347.0,29347.0,41814.0,168539.0,62563.0,131178.0,37361.0,168539.0,1705.0,3860.0,-549.0,2316.0,-549.0,3311.0,29397.0,21080.0,0.13,4.51,1400.0,2013-09
GM,40485.0,4275.0,646.0,1040.0,913.0,1438.0,1688.0,20021.0,81501.0,36679.0,29250.0,40271.0,166344.0,62412.0,123170.0,43174.0,166344.0,1053.0,3058.0,-446.0,646.0,-446.0,2612.0,40065.0,32837.0,0.11,3.85,1500.0,2013-12
GM,37408.0,2406.0,-535.0,213.0,125.0,1587.0,1691.0,19426.0,86825.0,30093.0,30093.0,40936.0,173606.0,69222.0,130766.0,42840.0,173606.0,280.0,1976.0,-497.0,-535.0,-497.0,1479.0,39731.0,32726.0,0.06,4.05,1600.0,2014-03
GM,39649.0,2872.0,-471.0,278.0,190.0,1608.0,1688.0,19864.0,91643.0,31771.0,31771.0,41406.0,179098.0,72347.0,136513.0,42585.0,179098.0,287.0,3830.0,-1041.0,-471.0,-1041.0,2789.0,39476.0,32683.0,0.07,4.21,1600.0,2014-06
GM,39255.0,4148.0,1227.0,1471.0,1384.0,1612.0,1691.0,18060.0,86640.0,33171.0,33171.0,42470.0,176908.0,67329.0,133345.0,43563.0,176908.0,1442.0,1088.0,-1236.0,1227.0,-1236.0,-148.0,40454.0,33810.0,0.11,4.06,1600.0,2014-09
GM,39617.0,4382.0,1429.0,1987.0,1105.0,1611.0,1678.0,18954.0,83626.0,44078.0,34803.0,44312.0,177501.0,65657.0,141477.0,36024.0,177501.0,2009.0,3167.0,-1469.0,1429.0,-1469.0,1698.0,36024.0,29614.0,0.11,4.93,1600.0,2014-12
GM,35712.0,3870.0,753.0,945.0,945.0,1617.0,1686.0,15776.0,83231.0,36694.0,36694.0,43940.0,179918.0,67342.0,143095.0,36823.0,179918.0,908.0,375.0,-2067.0,2510.0,-2067.0,-1692.0,36823.0,30526.0,0.11,4.89,1600.0,2015-03
GM,38180.0,4265.0,1288.0,1117.0,1117.0,1596.0,1660.0,17627.0,84554.0,41335.0,41335.0,45339.0,185812.0,69528.0,150142.0,35670.0,185812.0,1140.0,5786.0,-3969.0,3458.0,-3969.0,1817.0,35670.0,29489.0,0.11,5.21,1584.0,2015-06
GM,38843.0,5279.0,997.0,1359.0,1359.0,1577.0,1618.0,15433.0,82341.0,46296.0,46296.0,45408.0,189000.0,72739.0,153865.0,35135.0,189000.0,1341.0,3308.0,-4338.0,2978.0,-4338.0,-1030.0,35135.0,29052.0,0.14,5.38,1600.0,2015-09
GM,22990.0,4012.0,2500.0,6266.0,6266.0,1553.0,1595.0,15238.0,69408.0,63750.0,51401.0,58381.0,194338.0,71217.0,154015.0,40323.0,194338.0,6201.0,2300.0,-3627.0,4079.0,-3627.0,-1327.0,40323.0,34376.0,0.17,4.82,1500.0,2015-12
GM,37265.0,4790.0,1972.0,1953.0,1953.0,1546.0,1580.0,14894.0,71034.0,57190.0,57190.0,59863.0,203618.0,74987.0,162293.0,41325.0,203618.0,1931.0,-108.0,-4630.0,4264.0,-4630.0,-4738.0,41325.0,35434.0,0.13,4.93,1500.0,2016-03
GM,37383.0,5480.0,2972.0,2866.0,2866.0,1548.0,1581.0,18923.0,74630.0,61952.0,61952.0,59236.0,210449.0,76043.0,166446.0,44003.0,210449.0,2736.0,6127.0,-4426.0,5271.0,-4426.0,1701.0,44003.0,37570.0,0.15,4.78,1600.0,2016-06
GM,38889.0,5548.0,3148.0,2773.0,2773.0,1550.0,1574.0,15932.0,76496.0,66488.0,66488.0,59593.0,217576.0,82535.0,172561.0,45015.0,217576.0,2707.0,6570.0,-4104.0,5682.0,-4104.0,2466.0,45015.0,38661.0,0.14,4.83,1500.0,2016-09
GM,39896.0,3442.0,475.0,1835.0,1835.0,1516.0,1546.0,12574.0,76203.0,87611.0,66945.0,63397.0,221690.0,85181.0,177615.0,44075.0,221690.0,1895.0,4018.0,-3781.0,3169.0,-3781.0,237.0,44075.0,37926.0,0.09,5.03,1500.0,2016-12
GM,37266.0,4939.0,2583.0,2608.0,2608.0,1505.0,1532.0,12864.0,79598.0,74504.0,74504.0,61082.0,230793.0,90904.0,184579.0,46214.0,230793.0,2686.0,2041.0,-3648.0,5326.0,-3648.0,-1607.0,46214.0,40021.0,0.13,4.99,1500.0,2017-03
GM,36984.0,4774.0,2297.0,1660.0,1660.0,1497.0,1519.0,16598.0,85081.0,74026.0,74026.0,66956.0,240300.0,94306.0,194575.0,45725.0,240300.0,2433.0,5518.0,-3512.0,5491.0,-3512.0,2006.0,45725.0,39736.0,0.13,5.26,1500.0,2017-06
GM,33623.0,3879.0,1576.0,-2981.0,-2983.0,1445.0,1472.0,12792.0,76618.0,76953.0,76953.0,61257.0,229502.0,81849.0,186025.0,43477.0,229502.0,114.0,2881.0,-3000.0,4723.0,-3000.0,-119.0,43477.0,37623.0,0.12,5.28,1400.0,2017-09
GM,37715.0,4639.0,2205.0,-5151.0,-5165.0,1411.0,1447.0,15512.0,68744.0,103216.0,79135.0,49681.0,212482.0,76890.0,176282.0,36200.0,212482.0,-4903.0,6888.0,-2353.0,5382.0,-2353.0,4535.0,36200.0,30351.0,0.12,5.87,1400.0,2017-12
GM,36099.0,2901.0,529.0,1046.0,1032.0,1408.0,1430.0,14256.0,71435.0,80765.0,80765.0,50853.0,218726.0,82716.0,183268.0,35458.0,218726.0,1110.0,448.0,-2117.0,4110.0,-2117.0,-1669.0,35458.0,29668.0,0.08,6.17,1400.0,2018-03
GM,36760.0,3693.0,1477.0,2390.0,2375.0,1410.0,1431.0,15087.0,70451.0,82057.0,82057.0,51625.0,218641.0,80292.0,180005.0,38636.0,218641.0,2366.0,5105.0,-1702.0,4606.0,-1702.0,3403.0,38636.0,32916.0,0.1,5.66,1400.0,2018-06
GM,35791.0,4194.0,1610.0,2534.0,2503.0,1412.0,1431.0,18435.0,74848.0,82783.0,82783.0,53274.0,225711.0,84116.0,184803.0,40908.0,225711.0,2530.0,3673.0,-1138.0,4923.0,-1138.0,2535.0,40908.0,35257.0,0.12,5.52,1400.0,2018-09
GM,38399.0,3307.0,829.0,2044.0,2006.0,1414.0,1431.0,20844.0,75293.0,109042.0,82317.0,54935.0,227339.0,82237.0,184562.0,42777.0,227339.0,2069.0,6030.0,-915.0,4475.0,-915.0,5115.0,42777.0,37198.0,0.09,5.31,1400.0,2018-12
GM,34878.0,3343.0,1244.0,2157.0,2119.0,1417.0,1436.0,17176.0,80090.0,81388.0,81388.0,57870.0,233132.0,85303.0,188494.0,44638.0,233132.0,2145.0,-81.0,-688.0,5360.0,-688.0,-769.0,44638.0,39120.0,0.1,5.22,1400.0,2019-03
GM,36060.0,4589.0,2487.0,2418.0,2381.0,1420.0,1438.0,17072.0,81306.0,81126.0,81126.0,57508.0,233737.0,84294.0,186648.0,47089.0,233737.0,2403.0,5076.0,-1057.0,5894.0,-1057.0,4019.0,47089.0,41632.0,0.13,4.96,1400.0,2019-06
GM,35473.0,4312.0,2304.0,2351.0,2313.0,1428.0,1442.0,20051.0,80565.0,80496.0,80496.0,56564.0,231529.0,84252.0,182758.0,48771.0,231529.0,2311.0,6553.0,-760.0,5613.0,-760.0,5793.0,48771.0,43363.0,0.12,4.75,1428.78,2019-09
GM,30826.0,1728.0,-554.0,-194.0,-232.0,1430.0,1439.0,19069.0,74992.0,109504.0,80805.0,58341.0,228037.0,84905.0,182080.0,45957.0,228037.0,-192.0,3473.0,-597.0,2732.0,-597.0,2876.0,45957.0,40620.0,0.06,4.96,1400.0,2019-12
GM,32709.0,2627.0,657.0,294.0,247.0,1433.0,1440.0,38506.0,97699.0,79265.0,79265.0,56914.0,246624.0,91292.0,202307.0,44317.0,246624.0,286.0,1561.0,-645.0,3965.0,-645.0,916.0,44317.0,39092.0,0.08,5.56,1432.28,2020-03
GM,16778.0,96.0,-1214.0,-758.0,-806.0,1432.0,1432.0,28228.0,87497.0,76667.0,76667.0,60365.0,237535.0,77904.0,194042.0,43493.0,237535.0,-780.0,-2815.0,128.0,2051.0,128.0,-2687.0,43493.0,38211.0,0.01,5.46,1400.0,2020-06
GM,35480.0,6052.0,4424.0,4045.0,4005.0,1432.0,1439.0,26939.0,89177.0,76347.0,76347.0,60856.0,239671.0,80603.0,191663.0,48008.0,239671.0,4018.0,11231.0,-14.0,7586.0,-14.0,11217.0,48008.0,42763.0,0.17,4.99,1400.0,2020-09
GM,37518.0,4897.0,2767.0,2846.0,2801.0,1436.0,1451.0,19992.0,80924.0,115455.0,77451.0,63183.0,235194.0,79910.0,185517.0,49677.0,235194.0,2797.0,6693.0,-1303.0,5847.0,-1303.0,5390.0,49677.0,44447.0,0.13,4.73,1400.0,2020-12
GM,32474.0,5080.0,3277.0,3022.0,2976.0,1447.0,1464.0,21609.0,82091.0,88083.0,78140.0,64016.0,238411.0,76323.0,183968.0,54443.0,238411.0,3014.0,1266.0,-1194.0,6292.0,-1194.0,72.0,54443.0,49258.0,0.16,4.38,1400.0,2021-03
GM,34167.0,5007.0,2882.0,2836.0,2790.0,1451.0,1468.0,22920.0,82609.0,89039.0,79418.0,65725.0,241803.0,74811.0,183927.0,57876.0,241803.0,2779.0,7162.0,-377.0,5900.0,-377.0,6785.0,57876.0,52707.0,0.15,4.18,1500.0,2021-06
GM,26779.0,3793.0,1645.0,2420.0,2375.0,1452.0,1467.0,17365.0,77791.0,88900.0,79294.0,67112.0,238557.0,71951.0,178236.0,60321.0,238557.0,2386.0,-49.0,386.0,4726.0,386.0,337.0,60321.0,55195.0,0.14,3.95,1500.0,2021-09
GM,33584.0,3998.0,1520.0,1741.0,1696.0,1454.0,1471.0,20067.0,82103.0,119824.0,79044.0,68807.0,244718.0,74408.0,178903.0,65815.0,244718.0,1766.0,6809.0,976.0,4457.0,976.0,7785.0,65815.0,60728.0,0.12,3.72,1500.0,2021-12
GM,35979.0,4700.0,2196.0,2939.0,1987.0,1458.0,1470.0,16349.0,88594.0,87377.0,78289.0,69149.0,251492.0,79555.0,184429.0,67063.0,251492.0,2807.0,2104.0,742.0,5087.0,742.0,2846.0,67063.0,62005.0,0.13,3.75,1500.0,2022-03
GM,35759.0,4409.0,2116.0,1692.0,1666.0,1458.0,1465.0,16710.0,91094.0,85868.0,77250.0,70427.0,253517.0,79398.0,185142.0,68375.0,253517.0,1642.0,3124.0,604.0,4972.0,604.0,3728.0,68375.0,63362.0,0.12,3.71,1500.0,2022-06
GM,41888.0,5868.0,3391.0,3305.0,3279.0,1448.0,1457.0,20745.0,98271.0,84877.0,76572.0,70808.0,260529.0,86003.0,190762.0,69767.0,260529.0,3252.0,5191.0,644.0,6164.0,644.0,5835.0,69767.0,64799.0,0.14,3.73,1458.05,2022-09
MSFT,8215.0,6735.0,3148.0,2614.0,2614.0,10811.0,10885.0,5768.0,60910.0,6048.0,2193.0,17672.0,84281.0,15098.0,17601.0,66680.0,84281.0,2614.0,3424.0,-167.0,3476.0,-167.0,3257.0,66680.0,63174.0,0.82,1.26,10805.0,2003-09
MSFT,10153.0,7809.0,1475.0,1549.0,1549.0,10810.0,10899.0,6149.0,62400.0,6033.0,2178.0,17904.0,85937.0,13927.0,16594.0,69343.0,85937.0,1549.0,4574.0,-172.0,1775.0,-172.0,4402.0,69343.0,65888.0,0.77,1.24,10789.0,2003-12
MSFT,9175.0,7764.0,1278.0,1315.0,1315.0,10785.0,10856.0,9348.0,65270.0,6113.0,2258.0,18530.0,89767.0,15984.0,19187.0,70580.0,89767.0,1315.0,4970.0,-213.0,1527.0,-213.0,4757.0,70580.0,66871.0,0.85,1.27,10777.0,2004-03
MSFT,9292.0,7811.0,3133.0,2690.0,2690.0,10824.0,10879.0,14304.0,70566.0,6489.0,2326.0,17792.0,94368.0,14969.0,19543.0,74825.0,94368.0,2690.0,1658.0,-557.0,3442.0,-557.0,1101.0,74825.0,71141.0,0.84,1.26,10862.0,2004-06
MSFT,9189.0,7784.0,3494.0,2528.0,2528.0,10873.0,10920.0,11141.0,72896.0,6480.0,2317.0,15406.0,94268.0,15811.0,18322.0,75946.0,94268.0,2528.0,4007.0,-173.0,3677.0,-173.0,3834.0,75946.0,72297.0,0.85,1.24,10865.0,2004-09
MSFT,10818.0,8896.0,4749.0,3463.0,3463.0,10877.0,10956.0,4556.0,44399.0,6499.0,2336.0,14607.0,64941.0,15045.0,17709.0,47232.0,64941.0,3463.0,3619.0,-176.0,4857.0,-176.0,3443.0,47232.0,43633.0,0.82,1.37,10880.2,2004-12
MSFT,9620.0,8257.0,3329.0,2563.0,2563.0,10856.0,10931.0,3782.0,46593.0,6484.0,2321.0,13782.0,66275.0,16139.0,18902.0,47373.0,66275.0,2563.0,5003.0,-203.0,3611.0,-203.0,4800.0,47373.0,43794.0,0.86,1.4,10804.4,2005-03
MSFT,10161.0,8773.0,2989.0,3700.0,3700.0,10749.0,10822.0,4851.0,48737.0,6375.0,2346.0,15924.0,70815.0,16877.0,22700.0,48115.0,70815.0,3700.0,3976.0,-260.0,3271.0,-260.0,3716.0,48115.0,44307.0,0.86,1.47,10710.0,2005-06
MSFT,9741.0,8488.0,4046.0,3141.0,3141.0,10696.0,10772.0,2974.0,49831.0,6380.0,2351.0,15274.0,71462.0,17022.0,23135.0,48327.0,71462.0,3141.0,4329.0,-213.0,4280.0,-213.0,4116.0,48327.0,44321.0,0.87,1.48,10644.7,2005-09
MSFT,11837.0,9598.0,4657.0,3653.0,3653.0,10560.0,10638.0,4083.0,46694.0,6481.0,2452.0,14092.0,67257.0,16747.0,23049.0,44208.0,67257.0,3653.0,2231.0,-318.0,4888.0,-318.0,1913.0,44208.0,40189.0,0.81,1.52,10384.0,2005-12
MSFT,10900.0,8872.0,3888.0,2977.0,2977.0,10303.0,10415.0,4351.0,46628.0,6572.0,2543.0,13613.0,66854.0,18367.0,24816.0,42038.0,66854.0,2977.0,4563.0,-302.0,4065.0,-302.0,4261.0,42038.0,37968.0,0.81,1.59,10225.0,2006-03
MSFT,11804.0,9674.0,3881.0,2828.0,2828.0,10189.0,10243.0,6714.0,49010.0,7223.0,3044.0,13138.0,69597.0,22442.0,29493.0,40104.0,69597.0,2828.0,3281.0,-745.0,4142.0,-745.0,2536.0,40104.0,35699.0,0.82,1.74,10062.0,2006-06
MSFT,10811.0,9115.0,4474.0,3478.0,3478.0,9929.0,10010.0,9076.0,45358.0,7372.0,3193.0,11930.0,65354.0,21972.0,29253.0,36101.0,65354.0,3478.0,4061.0,-411.0,4723.0,-411.0,3650.0,36101.0,31228.0,0.84,1.81,9820.0,2006-09
MSFT,12542.0,8922.0,3472.0,2626.0,2626.0,9806.0,9942.0,6859.0,45180.0,7865.0,3686.0,12571.0,66371.0,22215.0,29737.0,36634.0,66371.0,2626.0,2042.0,-572.0,3837.0,-572.0,1470.0,36634.0,31700.0,0.71,1.81,9777.0,2006-12
MSFT,14398.0,12258.0,6589.0,4926.0,4926.0,9725.0,9862.0,7611.0,42783.0,8102.0,3923.0,12269.0,63891.0,21627.0,28918.0,34973.0,63891.0,4926.0,7291.0,-461.0,7034.0,-461.0,6830.0,34973.0,30057.0,0.85,1.83,9566.81,2007-03
MSFT,13371.0,10134.0,3903.0,3035.0,3035.0,9505.0,9679.0,6111.0,40168.0,9366.0,4350.0,2898.0,63171.0,23754.0,32074.0,31097.0,63171.0,3035.0,4402.0,-820.0,4284.0,-820.0,3582.0,31097.0,25459.0,0.76,2.03,9375.49,2007-06
MSFT,13762.0,11087.0,5918.0,4289.0,4289.0,9380.0,9513.0,6637.0,35853.0,9631.0,4615.0,13308.0,65645.0,22744.0,33510.0,32135.0,65645.0,4289.0,5878.0,-510.0,6353.0,-510.0,5368.0,32135.0,20266.0,0.81,2.04,9355.44,2007-09
MSFT,16367.0,12824.0,6481.0,4707.0,4707.0,9361.0,9503.0,7460.0,37775.0,9981.0,4965.0,12573.0,67339.0,22058.0,32908.0,34431.0,67339.0,4707.0,4567.0,-695.0,6962.0,-695.0,3872.0,34431.0,22405.0,0.78,1.96,9329.0,2007-12
MSFT,14454.0,11940.0,4409.0,4388.0,4388.0,9307.0,9428.0,11820.0,41489.0,10532.0,5516.0,11757.0,70747.0,27028.0,33193.0,37554.0,70747.0,4388.0,7082.0,-759.0,4941.0,-759.0,6323.0,37554.0,25569.0,0.83,1.88,9313.29,2008-03
MSFT,15837.0,12971.0,5463.0,4297.0,4297.0,9265.0,9404.0,10339.0,43242.0,12544.0,6242.0,2640.0,72793.0,29886.0,36507.0,36286.0,72793.0,4297.0,4085.0,-1218.0,6071.0,-1218.0,2867.0,36286.0,22205.0,0.82,2.01,9151.0,2008-06
MSFT,15061.0,12213.0,5999.0,4373.0,4373.0,9084.0,9183.0,9004.0,37202.0,13174.0,6552.0,7173.0,65117.0,24383.0,31523.0,33594.0,65117.0,4373.0,3370.0,-778.0,6584.0,-778.0,2592.0,33594.0,19404.0,0.81,1.94,8895.57,2008-09
MSFT,16629.0,12722.0,5939.0,4174.0,4174.0,8903.0,8914.0,8346.0,37730.0,13955.0,6996.0,6755.0,65786.0,23710.0,31308.0,34478.0,65786.0,4174.0,5782.0,-842.0,6571.0,-842.0,4940.0,34478.0,20173.0,0.77,1.91,8890.56,2008-12
MSFT,13648.0,10834.0,4438.0,2977.0,2977.0,8891.0,8904.0,7285.0,40724.0,14348.0,7112.0,2595.0,68853.0,23823.0,31910.0,36943.0,68853.0,2977.0,6044.0,-632.0,5102.0,-632.0,5412.0,36943.0,22633.0,0.79,1.86,8899.72,2009-03
MSFT,13099.0,10513.0,3987.0,3045.0,3045.0,8900.0,8960.0,6076.0,49280.0,15082.0,7535.0,1878.0,77888.0,27034.0,38330.0,39558.0,77888.0,3045.0,3841.0,-867.0,4668.0,-867.0,2974.0,39558.0,25296.0,0.8,1.97,8908.0,2009-06
MSFT,12920.0,10078.0,4482.0,3574.0,3574.0,8914.0,8983.0,8823.0,52231.0,15365.0,7512.0,1628.0,81612.0,28761.0,40400.0,41212.0,81612.0,3574.0,6107.0,-435.0,5128.0,-435.0,5672.0,41212.0,26977.0,0.78,1.98,8900.0,2009-09
MSFT,19022.0,15394.0,8513.0,6662.0,6662.0,8856.0,8951.0,9422.0,52487.0,15572.0,7402.0,1517.0,82096.0,25715.0,37813.0,44283.0,82096.0,6662.0,4969.0,-376.0,9128.0,-376.0,4593.0,44283.0,30569.0,0.81,1.85,8811.0,2009-12
MSFT,14503.0,11748.0,5173.0,4006.0,4006.0,8767.0,8876.0,8155.0,54518.0,15765.0,7372.0,1478.0,84910.0,26424.0,39200.0,45710.0,84910.0,4006.0,7393.0,-408.0,5867.0,-408.0,6985.0,45710.0,31965.0,0.81,1.86,8762.0,2010-03
MSFT,16039.0,12869.0,5930.0,4518.0,4518.0,8714.0,8843.0,5505.0,55676.0,16259.0,7630.0,1501.0,86113.0,26147.0,39938.0,46175.0,86113.0,4518.0,5604.0,-758.0,6648.0,-758.0,4846.0,46175.0,32623.0,0.8,1.86,8668.0,2010-06
MSFT,16195.0,13056.0,7116.0,5410.0,5410.0,8614.0,8695.0,8161.0,59581.0,16713.0,7771.0,1429.0,91540.0,25857.0,44598.0,46942.0,91540.0,5410.0,8194.0,-564.0,7810.0,-564.0,7630.0,46942.0,33394.0,0.81,1.95,8562.0,2010-09
MSFT,19953.0,15120.0,8165.0,6634.0,6634.0,8497.0,8570.0,4023.0,59684.0,17078.0,7799.0,1307.0,92306.0,24312.0,43825.0,48481.0,92306.0,6634.0,4186.0,-491.0,8828.0,-491.0,3695.0,48481.0,34987.0,0.76,1.9,8403.0,2010-12
MSFT,16428.0,12531.0,5709.0,5232.0,5232.0,8420.0,8510.0,7021.0,66263.0,17533.0,7969.0,1353.0,99727.0,24042.0,46275.0,53452.0,99727.0,5232.0,8672.0,-658.0,6429.0,-658.0,8014.0,53452.0,40058.0,0.76,1.87,8431.0,2011-03
MSFT,17367.0,13659.0,6171.0,5874.0,5874.0,8427.0,8545.0,9610.0,74918.0,17991.0,8162.0,1434.0,108704.0,28774.0,51621.0,57083.0,108704.0,5874.0,5942.0,-642.0,6860.0,-642.0,5300.0,57083.0,43758.0,0.79,1.9,8376.0,2011-06
MSFT,17372.0,13595.0,7203.0,5738.0,5738.0,8392.0,8490.0,12881.0,75271.0,18242.0,8033.0,1972.0,107415.0,25543.0,48024.0,59391.0,107415.0,5738.0,8493.0,-436.0,7929.0,-436.0,8057.0,59391.0,45828.0,0.78,1.81,8410.0,2011-09
MSFT,20885.0,15247.0,7994.0,6624.0,6624.0,8402.0,8465.0,10610.0,72513.0,18556.0,8010.0,1919.0,112243.0,25373.0,48122.0,64121.0,112243.0,6624.0,5862.0,-498.0,8672.0,-498.0,5364.0,64121.0,41870.0,0.73,1.75,8382.0,2011-12
MSFT,17407.0,13455.0,6374.0,5108.0,5108.0,8401.0,8498.0,6388.0,76860.0,19177.0,8225.0,1403.0,118010.0,26170.0,49351.0,68659.0,118010.0,5108.0,9594.0,-749.0,7140.0,-749.0,8845.0,68659.0,46205.0,0.77,1.72,8400.0,2012-03
MSFT,18059.0,13896.0,6385.0,-492.0,-492.0,8390.0,8518.0,6938.0,85084.0,19231.0,8269.0,1520.0,121271.0,32688.0,54908.0,66363.0,121271.0,-492.0,7677.0,-622.0,7182.0,-622.0,7055.0,66363.0,49741.0,0.77,1.83,8381.0,2012-06
MSFT,16008.0,11840.0,5308.0,4466.0,4466.0,8396.0,8494.0,5036.0,84051.0,19730.0,8329.0,1569.0,121876.0,31402.0,53040.0,68836.0,121876.0,4466.0,8484.0,-603.0,6018.0,-603.0,7881.0,68836.0,50947.0,0.74,1.77,8422.0,2012-09
MSFT,21456.0,15764.0,7771.0,6377.0,6377.0,8393.0,8444.0,6017.0,89574.0,20471.0,8698.0,1636.0,128683.0,31910.0,56107.0,72576.0,128683.0,6377.0,4780.0,-930.0,8780.0,-930.0,3850.0,72576.0,54508.0,0.73,1.77,8374.0,2012-12
MSFT,20489.0,15702.0,7612.0,6055.0,6055.0,8364.0,8429.0,5240.0,93524.0,21451.0,9204.0,2262.0,134105.0,31929.0,57417.0,76688.0,134105.0,6055.0,9666.0,-930.0,8665.0,-930.0,8736.0,76688.0,58766.0,0.77,1.75,8349.0,2013-03
MSFT,19896.0,14158.0,6073.0,4965.0,4965.0,8345.0,8464.0,3804.0,101466.0,22504.0,9991.0,2392.0,142431.0,37417.0,63487.0,78944.0,142431.0,4965.0,5903.0,-1794.0,7056.0,-1794.0,4109.0,78944.0,61206.0,0.71,1.8,8328.0,2013-06
MSFT,18529.0,13384.0,6334.0,5244.0,5244.0,8339.0,8434.0,4023.0,99450.0,23812.0,10774.0,2480.0,142348.0,34623.0,60707.0,81641.0,142348.0,5244.0,8205.0,-1231.0,7288.0,-1231.0,6974.0,81641.0,63992.0,0.72,1.74,8346.0,2013-09
MSFT,24519.0,16197.0,7969.0,6558.0,6558.0,8326.0,8395.0,10059.0,106870.0,25253.0,11567.0,2874.0,153543.0,33742.0,68443.0,85100.0,153543.0,6558.0,4413.0,-1732.0,9230.0,-1732.0,2681.0,85100.0,67475.0,0.66,1.8,8300.0,2013-12
MSFT,20403.0,14425.0,6974.0,5660.0,5660.0,8284.0,8367.0,11572.0,109006.0,26212.0,11771.0,2898.0,156119.0,33903.0,68695.0,87424.0,156119.0,5660.0,10099.0,-1192.0,8229.0,-1192.0,8907.0,87424.0,69772.0,0.71,1.79,8260.0,2014-03
MSFT,23382.0,15749.0,6609.0,4612.0,4612.0,8245.0,8363.0,8669.0,114246.0,27804.0,13011.0,3422.0,172384.0,45625.0,82600.0,89784.0,172384.0,4612.0,9785.0,-1330.0,8351.0,-1330.0,8455.0,89784.0,62676.0,0.67,1.92,8239.0,2014-06
MSFT,23201.0,14928.0,6984.0,4540.0,4540.0,8249.0,8351.0,6302.0,112439.0,28602.0,13229.0,3271.0,169656.0,44694.0,79486.0,90170.0,169656.0,4540.0,8354.0,-1282.0,8412.0,-1282.0,7072.0,90170.0,63396.0,0.64,1.88,8255.0,2014-09
MSFT,26470.0,16334.0,8019.0,5863.0,5863.0,8228.0,8297.0,6426.0,116362.0,29799.0,13607.0,3060.0,174848.0,47415.0,82969.0,91879.0,174848.0,5863.0,4340.0,-1490.0,9540.0,-1490.0,2850.0,91879.0,62725.0,0.62,1.9,8218.0,2014-12
MSFT,21729.0,14568.0,6784.0,4985.0,4985.0,8167.0,8237.0,7414.0,118398.0,31214.0,14375.0,3200.0,176683.0,40748.0,86551.0,90132.0,176683.0,4985.0,9601.0,-1391.0,8299.0,-1391.0,8210.0,90132.0,61441.0,0.67,1.96,8113.0,2015-03
MSFT,22180.0,14712.0,6385.0,-3195.0,-3195.0,8063.0,8137.0,5595.0,122797.0,32337.0,14731.0,3117.0,174472.0,49647.0,94389.0,80083.0,174472.0,-3195.0,6849.0,-1781.0,7878.0,-1781.0,5068.0,80083.0,58309.0,0.66,2.18,8027.0,2015-06
MSFT,20379.0,13172.0,5793.0,4902.0,4902.0,7996.0,8084.0,5431.0,121656.0,33055.0,15046.0,2869.0,172896.0,49399.0,95451.0,77445.0,172896.0,4902.0,8876.0,-1356.0,7254.0,-1356.0,7520.0,77445.0,55558.0,0.65,2.23,7986.0,2015-09
MSFT,23796.0,13924.0,6026.0,5018.0,5018.0,7964.0,8051.0,7185.0,127812.0,33797.0,15789.0,2928.0,180098.0,42643.0,103318.0,76780.0,180098.0,5018.0,5618.0,-2024.0,7570.0,-2024.0,3594.0,76780.0,54725.0,0.59,2.35,7925.0,2015-12
MSFT,20531.0,12809.0,5283.0,3756.0,3756.0,7895.0,7985.0,7170.0,128421.0,35716.0,16831.0,2895.0,181869.0,44354.0,107063.0,74806.0,181869.0,3756.0,10367.0,-2308.0,6990.0,-2308.0,8059.0,74806.0,52399.0,0.62,2.43,7870.0,2016-03
MSFT,26448.0,18469.0,10086.0,6863.0,6863.0,7844.0,7929.0,6510.0,139660.0,38156.0,18356.0,3416.0,193468.0,59357.0,121471.0,71997.0,193468.0,6863.0,8464.0,-2655.0,11996.0,-2655.0,5809.0,71997.0,50392.0,0.7,2.69,7808.0,2016-06
MSFT,21928.0,14084.0,6715.0,5667.0,5667.0,7789.0,7876.0,13928.0,157909.0,40109.0,19224.0,3476.0,212524.0,58810.0,142152.0,70372.0,212524.0,5667.0,11549.0,-2163.0,8531.0,-2163.0,9386.0,70372.0,48943.0,0.64,3.02,7784.0,2016-09
MSFT,25826.0,15925.0,7905.0,6267.0,6267.0,7755.0,7830.0,8468.0,144949.0,43267.0,21379.0,3845.0,224610.0,70787.0,155801.0,68809.0,224610.0,6267.0,6293.0,-1988.0,10071.0,-1988.0,4305.0,68809.0,23284.0,0.62,3.26,7730.0,2016-12
MSFT,23212.0,15152.0,6723.0,5486.0,5486.0,7725.0,7813.0,6713.0,146313.0,44954.0,21962.0,4146.0,225017.0,52005.0,155288.0,69729.0,225017.0,5486.0,10660.0,-1695.0,9176.0,-1695.0,8965.0,69729.0,24514.0,0.65,3.23,7723.0,2017-03
MSFT,25605.0,17149.0,7988.0,8069.0,8069.0,7716.0,7808.0,7663.0,162696.0,54468.0,30289.0,6076.0,250312.0,55745.0,162601.0,87711.0,250312.0,8069.0,11005.0,-2283.0,10331.0,-2283.0,8722.0,87711.0,42483.0,0.67,2.85,7708.0,2017-06
MSFT,24538.0,16260.0,7708.0,6576.0,6576.0,7708.0,7799.0,6884.0,161031.0,57176.0,31653.0,6083.0,249097.0,51615.0,159450.0,89647.0,249097.0,6576.0,12440.0,-2132.0,10207.0,-2132.0,10308.0,89647.0,44660.0,0.66,2.78,7720.0,2017-09
MSFT,28918.0,17854.0,8679.0,-6302.0,-6302.0,7710.0,7710.0,12859.0,167633.0,59902.0,33053.0,6967.0,256003.0,58099.0,177643.0,78360.0,256003.0,-6302.0,7875.0,-2586.0,11215.0,-2586.0,5289.0,78360.0,33971.0,0.62,3.27,7705.0,2017-12
MSFT,26819.0,17550.0,8292.0,7424.0,7424.0,7698.0,7794.0,9221.0,156659.0,63165.0,34788.0,7106.0,245497.0,46133.0,166258.0,79239.0,245497.0,7424.0,12151.0,-2934.0,11002.0,-2934.0,9217.0,79239.0,35113.0,0.65,3.1,7690.0,2018-03
MSFT,30085.0,20343.0,10379.0,8873.0,8873.0,7682.0,7782.0,11946.0,169662.0,65369.0,36146.0,7442.0,258848.0,58488.0,176130.0,82718.0,258848.0,8873.0,11418.0,-3980.0,12895.0,-3980.0,7438.0,82718.0,38982.0,0.68,3.13,7677.0,2018-06
MSFT,29084.0,19179.0,9955.0,8824.0,8824.0,7673.0,7766.0,15137.0,164195.0,69117.0,38164.0,9792.0,257619.0,56277.0,171652.0,85967.0,257619.0,8824.0,13657.0,-3602.0,12792.0,-3602.0,10055.0,85967.0,42533.0,0.66,3.0,7680.0,2018-09
MSFT,32471.0,20048.0,10258.0,8420.0,8420.0,7692.0,7768.0,6638.0,156874.0,72605.0,39523.0,10129.0,258859.0,50318.0,166731.0,92128.0,258859.0,8420.0,8900.0,-3707.0,13253.0,-3707.0,5193.0,92128.0,42069.0,0.62,2.81,7683.0,2018-12
MSFT,30571.0,20401.0,10341.0,8809.0,8809.0,7672.0,7744.0,11212.0,159887.0,76200.0,40769.0,10258.0,263281.0,53861.0,168417.0,94864.0,263281.0,8809.0,13520.0,-2565.0,13267.0,-2565.0,10955.0,94864.0,44900.0,0.67,2.78,7666.0,2019-03
MSFT,33717.0,23305.0,12405.0,13187.0,13187.0,7655.0,7735.0,11356.0,175552.0,79186.0,43856.0,14723.0,286556.0,69420.0,184226.0,102330.0,286556.0,13187.0,16108.0,-4051.0,15329.0,-4051.0,12057.0,102330.0,52554.0,0.69,2.8,7643.0,2019-06
MSFT,33055.0,22649.0,12686.0,10678.0,10678.0,7634.0,7710.0,13117.0,165896.0,83270.0,46299.0,14455.0,278955.0,58118.0,172894.0,106061.0,278955.0,10678.0,13818.0,-3385.0,15657.0,-3385.0,10433.0,106061.0,56440.0,0.69,2.63,7634.0,2019-09
MSFT,36906.0,24548.0,13891.0,11649.0,11649.0,7621.0,7691.0,8864.0,167074.0,88558.0,48961.0,14630.0,282794.0,59640.0,172685.0,110109.0,282794.0,11649.0,10680.0,-3545.0,17094.0,-3545.0,7135.0,110109.0,60735.0,0.67,2.57,7611.0,2019-12
MSFT,35021.0,24046.0,12975.0,10752.0,10752.0,7602.0,7675.0,11710.0,170505.0,91181.0,49669.0,13696.0,285449.0,58707.0,170948.0,114501.0,285449.0,10752.0,17504.0,-3767.0,16093.0,-3767.0,13737.0,114501.0,65582.0,0.69,2.49,7590.0,2020-03
MSFT,38033.0,25694.0,13407.0,11202.0,11202.0,7583.0,7653.0,13576.0,181915.0,96101.0,52904.0,13138.0,301311.0,72310.0,183007.0,118304.0,301311.0,11202.0,18673.0,-4744.0,16911.0,-4744.0,13929.0,118304.0,67915.0,0.68,2.55,7571.0,2020-06
MSFT,37154.0,26152.0,15876.0,13893.0,13893.0,7566.0,7637.0,17205.0,177077.0,102391.0,56974.0,13034.0,301001.0,70056.0,177609.0,123392.0,301001.0,13893.0,19335.0,-4907.0,18521.0,-4907.0,14428.0,123392.0,72579.0,0.7,2.44,7564.0,2020-09
MSFT,43076.0,28882.0,17897.0,15463.0,15463.0,7555.0,7616.0,14432.0,173973.0,109750.0,62035.0,13561.0,304137.0,67486.0,173901.0,130236.0,304137.0,15463.0,12516.0,-4174.0,20658.0,-4174.0,8342.0,130236.0,79462.0,0.67,2.34,7546.0,2020-12
MSFT,41706.0,28661.0,17048.0,15457.0,15457.0,7539.0,7597.0,13702.0,165614.0,115299.0,65618.0,14427.0,308879.0,72193.0,174374.0,134505.0,308879.0,15457.0,22179.0,-5089.0,19984.0,-5089.0,17090.0,134505.0,76680.0,0.69,2.3,7534.0,2021-03
MSFT,46152.0,32161.0,19095.0,16458.0,16458.0,7526.0,7581.0,14224.0,184406.0,122154.0,70803.0,15075.0,333779.0,88657.0,191791.0,141988.0,333779.0,16458.0,22710.0,-6452.0,22439.0,-6452.0,16258.0,141988.0,84477.0,0.7,2.35,7519.0,2021-06
MSFT,45317.0,31671.0,20238.0,20505.0,20505.0,7513.0,7567.0,19165.0,174326.0,127816.0,75347.0,21103.0,335418.0,80528.0,183440.0,151978.0,335418.0,20505.0,24540.0,-5810.0,23450.0,-5810.0,18730.0,151978.0,93729.0,0.7,2.21,7510.0,2021-09
MSFT,51728.0,34768.0,22247.0,18765.0,18765.0,7505.0,7555.0,20604.0,174188.0,134845.0,79568.0,21256.0,340389.0,77510.0,180379.0,160010.0,340389.0,18765.0,14480.0,-5865.0,25743.0,-5865.0,8615.0,160010.0,101627.0,0.67,2.13,7500.0,2021-12
MSFT,49360.0,33745.0,20364.0,16728.0,16728.0,7493.0,7534.0,12498.0,153922.0,141267.0,83214.0,21845.0,344607.0,77439.0,181683.0,162924.0,344607.0,16728.0,25386.0,-5340.0,24137.0,-5340.0,20046.0,162924.0,84205.0,0.68,2.12,7483.0,2022-03
MSFT,51865.0,35436.0,20534.0,16740.0,16740.0,7472.0,7504.0,13931.0,169684.0,147206.0,87546.0,21897.0,364840.0,95082.0,198298.0,166542.0,364840.0,16740.0,24629.0,-6871.0,24513.0,-6871.0,17758.0,166542.0,87720.0,0.68,2.19,7464.0,2022-06
MSFT,50122.0,34670.0,21518.0,17556.0,17556.0,7457.0,7485.0,22884.0,160812.0,151022.0,90384.0,23482.0,359784.0,87389.0,186218.0,173566.0,359784.0,17556.0,23198.0,-6283.0,24308.0,-6283.0,16915.0,173566.0,95299.0,0.69,2.07,7457.0,2022-09
NKE,3024.9,1301.5,431.9,261.2,261.2,2110.707,2132.245,997.8,5048.2,2957.0,1563.9,222.9,7018.6,2034.7,2801.5,4217.1,7018.6,261.2,350.0,-40.4,503.7,-40.4,309.6,4217.1,4033.5,0.43,1.66,2099.35,2003-08
NKE,2837.1,1199.6,297.1,179.1,179.1,2107.059,2170.909,968.9,5020.8,3082.1,1606.0,248.9,7376.5,1996.0,3009.2,4367.3,7376.5,179.1,419.1,-44.4,383.7,-44.4,374.7,4367.3,3866.5,0.42,1.69,2104.99,2003-11
NKE,2904.0,1221.9,329.9,200.3,200.3,2108.421,2165.405,914.7,5199.6,3162.8,1611.4,292.6,7604.3,1944.6,3041.1,4563.2,7604.3,200.3,206.3,-55.4,410.3,-55.4,150.9,4563.2,4062.5,0.42,1.67,2111.94,2004-02
NKE,3487.1,1528.7,490.8,305.0,305.0,2101.833,2161.023,828.0,5528.6,3183.4,1611.8,266.6,7908.7,2030.5,3127.0,4781.7,7908.7,305.0,543.1,-63.0,565.5,-63.0,480.1,4781.7,4280.0,0.44,1.65,2104.8,2004-05
NKE,3561.8,1585.8,512.2,326.8,326.8,2108.387,2160.661,932.1,5621.1,3177.0,1578.8,307.9,8052.9,1907.9,3030.8,5022.1,8052.9,326.8,368.4,-52.4,573.8,-52.4,316.0,5022.1,4477.0,0.45,1.6,2099.82,2004-08
NKE,3148.3,1388.1,414.9,261.9,261.9,2116.364,2160.0,1181.8,6050.7,3294.5,1623.5,340.9,8558.3,2003.2,3216.0,5342.3,8558.3,261.9,387.1,-66.1,490.7,-66.1,321.0,5342.3,4799.1,0.44,1.6,2112.51,2004-11
NKE,3308.2,1458.8,423.1,273.4,273.4,2103.077,2165.545,1222.5,6198.7,3305.5,1625.5,289.3,8652.1,2066.0,3225.0,5427.1,8652.1,273.4,325.6,-55.7,505.1,-55.7,269.9,5427.1,4888.5,0.44,1.59,2100.23,2005-02
NKE,3721.4,1682.7,543.5,349.5,349.5,2102.19,2147.871,1388.1,6351.1,3179.2,1605.8,295.2,8793.6,1999.2,3149.4,5644.2,8793.6,349.5,489.6,-75.7,611.8,-75.7,413.9,5644.2,5102.7,0.45,1.56,2088.8,2005-05
NKE,3862.0,1748.1,643.7,432.3,432.3,2083.373,2148.075,1588.9,6666.3,3186.5,1581.2,328.1,9115.7,2233.5,3151.9,5963.8,9115.7,432.3,261.7,-58.1,713.3,-58.1,203.6,5963.8,5423.7,0.45,1.53,2083.26,2005-08
NKE,3474.7,1511.4,456.7,301.1,301.1,2076.552,2112.982,1134.5,6696.5,3216.6,1585.8,322.5,9144.1,2161.1,3062.6,6081.5,9144.1,301.1,476.5,-106.0,530.2,-106.0,370.5,6081.5,5542.2,0.43,1.5,2074.14,2005-11
NKE,3612.8,1574.1,487.5,325.8,325.8,2080.567,2118.123,1472.1,7044.7,3283.2,1598.4,333.6,9518.2,2304.2,3256.6,6261.6,9518.2,325.8,214.9,-66.8,578.1,-66.8,148.1,6261.6,5720.1,0.44,1.52,2068.94,2006-02
NKE,4005.4,1753.4,521.3,332.8,332.8,2065.749,2119.232,954.2,7359.0,3408.3,1657.7,316.6,9869.6,2623.3,3584.4,6285.2,9869.6,332.8,714.8,-101.2,578.5,-101.2,613.6,6285.2,5748.9,0.44,1.57,2048.0,2006-05
NKE,4194.1,1849.2,559.5,377.2,377.2,2005.65,2005.65,1030.7,6999.1,3451.1,1648.7,384.4,9570.5,2409.7,3349.6,6220.9,9570.5,377.2,231.8,-72.2,633.5,-72.2,159.6,6220.9,5682.6,0.44,1.54,2005.65,2006-08
NKE,3821.7,1657.1,433.4,325.6,325.6,2025.235,2052.789,1102.9,7209.6,3548.4,1673.0,402.1,9822.2,2285.2,3284.1,6538.1,9822.2,325.6,309.8,-82.5,501.7,-82.5,227.3,6538.1,6000.6,0.43,1.5,2015.97,2006-11
NKE,3926.9,1735.2,491.9,350.8,350.8,2015.197,2037.101,1879.2,7640.1,3568.9,1654.6,387.0,10218.6,2312.7,3370.6,6848.0,10218.6,350.8,373.2,-34.6,538.8,-34.6,338.6,6848.0,6311.1,0.44,1.49,2022.05,2007-02
NKE,4383.2,1919.0,647.0,437.9,437.9,2016.571,2033.406,1856.7,8076.5,3619.1,1678.3,392.8,10688.3,2584.0,3662.9,7025.4,10688.3,437.9,963.9,-95.9,728.0,-95.9,868.0,7025.4,6484.7,0.44,1.52,2008.43,2007-05
NKE,4655.1,2087.0,652.3,569.7,569.7,1998.947,2034.643,1973.9,8341.5,3732.5,1717.6,414.1,11013.5,2615.4,3658.9,7354.6,11013.5,569.7,319.5,-91.6,723.9,-91.6,227.9,7354.6,6814.3,0.45,1.5,1994.8,2007-08
NKE,4339.5,1921.1,491.6,359.4,359.4,1996.667,2024.789,2470.5,8687.4,3907.8,1788.1,438.6,11454.6,2788.9,3962.4,7492.2,11454.6,359.4,630.4,-109.9,577.4,-109.9,520.5,7492.2,6951.7,0.44,1.53,1989.02,2007-11
NKE,4544.4,2047.9,644.7,463.8,463.8,1973.617,2016.522,2242.4,8904.7,4009.7,1820.0,548.3,11788.2,2943.2,4175.0,7613.2,11788.2,463.8,353.9,-90.0,736.2,-90.0,263.9,7613.2,7098.0,0.45,1.55,2021.2,2008-02
NKE,5088.0,2331.4,645.1,490.5,490.5,1960.029,2009.513,2133.9,8839.3,4103.0,1891.1,520.4,12442.7,3321.5,4617.4,7825.3,12442.7,490.5,632.5,-155.8,717.7,-155.8,476.7,7825.3,6633.4,0.46,1.59,1964.4,2008-05
NKE,5432.2,2562.1,705.7,510.5,510.5,1948.8,1979.6,1625.6,8944.6,4111.0,1874.8,637.9,12594.8,3311.6,4562.2,8032.6,12594.8,510.5,357.6,-93.6,791.0,-93.6,264.0,8032.6,6895.1,0.47,1.57,1940.89,2008-08
NKE,4590.1,2050.0,503.2,391.0,391.0,1934.8,1959.2,1721.5,8923.4,4109.4,1900.9,783.4,12634.7,3089.6,4518.5,8116.2,12634.7,391.0,280.7,-117.3,592.8,-117.3,163.4,8116.2,7089.2,0.45,1.56,1936.29,2008-11
NKE,4440.8,1948.5,596.4,243.8,243.8,1936.0,1952.4,1892.1,8998.6,4150.8,1893.9,715.3,12255.7,2858.2,4044.9,8210.8,12255.7,243.8,24.1,-109.8,676.3,-109.8,-85.7,8210.8,7562.9,0.44,1.49,1937.39,2009-02
NKE,4713.0,2043.8,649.5,341.4,341.4,1938.4,1956.8,2291.1,9734.0,4255.7,1957.7,897.0,13249.6,3277.0,4556.5,8693.1,13249.6,341.4,1073.7,-103.0,778.0,-103.0,970.7,8693.1,8032.2,0.43,1.52,1942.0,2009-05
NKE,4799.0,2216.0,670.0,513.0,513.0,1943.2,1966.4,2260.6,9606.9,4373.8,1980.8,936.8,13190.6,2852.8,4100.2,9090.4,13190.6,513.0,709.0,-80.0,751.0,-80.0,629.0,9090.4,8424.3,0.46,1.45,1948.04,2009-08
NKE,4405.0,1960.0,481.0,375.0,375.0,1948.8,1978.0,2035.2,9765.6,4502.5,2023.9,900.2,13358.4,2798.3,4134.6,9223.8,13358.4,375.0,668.0,-93.0,575.0,-93.0,575.0,9223.8,8555.1,0.44,1.45,1949.81,2009-11
NKE,4733.0,2218.0,655.0,497.0,497.0,1937.6,1969.2,2225.2,10088.0,4437.2,1962.6,867.0,13576.3,2846.7,4147.4,9428.9,13576.3,497.0,512.0,-67.0,742.0,-67.0,445.0,9428.9,8770.2,0.47,1.44,1934.8,2010-02
NKE,5077.0,2406.0,668.0,522.0,522.0,1938.4,1982.8,3079.1,10959.2,4389.8,1931.9,873.6,14419.3,3364.2,4665.6,9753.7,14419.3,522.0,1275.0,-95.0,802.0,-95.0,1180.0,9753.7,9099.1,0.47,1.48,1936.0,2010-05
NKE,5175.0,2434.0,761.0,559.0,559.0,1918.4,1954.4,2010.0,10531.0,4535.0,1975.0,883.0,14051.0,3142.0,4391.0,9660.0,14051.0,559.0,212.0,-89.0,823.0,-89.0,123.0,9660.0,8998.0,0.47,1.45,1911.49,2010-08
NKE,4842.0,2193.0,582.0,457.0,457.0,1911.6,1950.4,1768.0,10916.0,4641.0,2003.0,884.0,14464.0,3248.0,4515.0,9949.0,14464.0,457.0,435.0,-102.0,695.0,-102.0,333.0,9949.0,9288.0,0.45,1.45,1913.98,2010-11
NKE,5021.0,2248.0,808.0,594.0,594.0,1877.6,1918.0,1955.0,11297.0,4906.0,2115.0,894.0,14998.0,3958.0,5155.0,9843.0,14998.0,633.0,842.0,-129.0,906.0,-129.0,713.0,9843.0,9151.0,0.45,1.52,1872.0,2011-05
NKE,6081.0,2693.0,870.0,645.0,645.0,1860.0,1897.2,1608.0,11039.0,5034.0,2166.0,858.0,14803.0,3760.0,4904.0,9899.0,14803.0,645.0,87.0,-113.0,981.0,-113.0,-26.0,9899.0,9159.0,0.44,1.5,1854.67,2011-08
NKE,5546.0,2376.0,645.0,469.0,469.0,1837.0,1873.8,1929.0,10725.0,5064.0,2177.0,930.0,14565.0,3563.0,4722.0,9843.0,14565.0,480.0,510.0,-145.0,732.0,-145.0,365.0,9843.0,9110.0,0.43,1.48,1835.65,2011-11
NKE,5656.0,2485.0,777.0,560.0,560.0,1830.2,1869.2,2021.0,10932.0,5172.0,2205.0,921.0,14794.0,3410.0,4618.0,10176.0,14794.0,560.0,328.0,-120.0,899.0,-120.0,208.0,10176.0,9440.0,0.44,1.45,1833.47,2012-02
NKE,6236.0,2669.0,759.0,537.0,537.0,1832.8,1875.0,2317.0,11845.0,5057.0,2209.0,910.0,15465.0,3882.0,5084.0,10381.0,15465.0,537.0,899.0,-184.0,835.0,-184.0,715.0,10381.0,9880.0,0.43,1.49,1832.0,2012-05
NKE,6474.0,2828.0,769.0,567.0,567.0,1811.2,1811.2,2165.0,11136.0,5359.0,2291.0,949.0,15114.0,3776.0,5067.0,10047.0,15114.0,567.0,535.0,-107.0,906.0,-107.0,428.0,10047.0,9309.0,0.44,1.5,1802.21,2012-08
NKE,5955.0,2530.0,694.0,384.0,384.0,1794.0,1826.2,2291.0,11435.0,5310.0,2258.0,973.0,15171.0,3799.0,5157.0,10014.0,15171.0,384.0,710.0,-143.0,823.0,-143.0,567.0,10014.0,9509.0,0.42,1.51,1791.42,2012-11
NKE,6187.0,2736.0,873.0,866.0,866.0,1787.8,1823.4,2557.0,11789.0,5370.0,2260.0,1059.0,15615.0,3500.0,4948.0,10667.0,15615.0,866.0,447.0,-175.0,966.0,-175.0,272.0,10667.0,10160.0,0.44,1.46,1787.23,2013-02
NKE,6697.0,2940.0,902.0,655.0,655.0,1785.0,1832.2,3337.0,13630.0,5500.0,2452.0,1043.0,17545.0,3962.0,6464.0,11081.0,17545.0,655.0,1340.0,-173.0,1045.0,-173.0,1167.0,11081.0,10661.0,0.44,1.58,1788.0,2013-05
NKE,6971.0,3132.0,1074.0,779.0,779.0,1778.8,1821.4,2936.0,13618.0,2557.0,2557.0,985.0,17674.0,3863.0,6392.0,11282.0,17674.0,779.0,618.0,-244.0,1226.0,-244.0,374.0,11282.0,10768.0,0.45,1.57,1778.0,2013-08
NKE,6431.0,2826.0,735.0,534.0,534.0,1776.0,1821.2,2086.0,13607.0,2645.0,2645.0,1052.0,17820.0,3851.0,6476.0,11344.0,17820.0,534.0,330.0,-204.0,880.0,-204.0,126.0,11344.0,10828.0,0.44,1.57,1776.0,2013-11
NKE,6972.0,3103.0,934.0,682.0,682.0,1764.6,1809.6,1864.0,13410.0,2736.0,2736.0,1140.0,17803.0,3954.0,6670.0,11133.0,17803.0,682.0,737.0,-221.0,1068.0,-221.0,516.0,11133.0,10616.0,0.45,1.6,1762.0,2014-02
NKE,7425.0,3385.0,937.0,698.0,698.0,1747.2,1791.8,2220.0,13696.0,6220.0,2834.0,1651.0,18594.0,5027.0,7770.0,10824.0,18594.0,698.0,1328.0,-210.0,1092.0,-210.0,1118.0,10824.0,10411.0,0.46,1.72,1740.0,2014-05
NKE,7982.0,3721.0,1241.0,962.0,962.0,1729.8,1772.4,2303.0,13540.0,2895.0,2895.0,1673.0,18521.0,4813.0,7416.0,11105.0,18521.0,962.0,683.0,-260.0,1396.0,-260.0,423.0,11105.0,10692.0,0.47,1.67,1728.0,2014-08
NKE,7380.0,3327.0,889.0,655.0,655.0,1726.2,1769.6,2273.0,14033.0,2927.0,2927.0,1795.0,19167.0,4937.0,7467.0,11700.0,19167.0,655.0,864.0,-225.0,1050.0,-225.0,639.0,11700.0,11288.0,0.45,1.64,1728.0,2014-11
NKE,7460.0,3426.0,1047.0,791.0,791.0,1722.9,1767.7,3015.0,15207.0,2862.0,2862.0,2060.0,20541.0,5586.0,8173.0,12368.0,20541.0,791.0,1791.0,-235.0,1212.0,-235.0,1556.0,12368.0,11956.0,0.46,1.66,1720.0,2015-02
NKE,7779.0,3593.0,998.0,865.0,865.0,1715.1,1762.2,3852.0,15587.0,6352.0,3011.0,2587.0,21597.0,6332.0,8890.0,12707.0,21597.0,865.0,1342.0,-240.0,1166.0,-240.0,1102.0,12707.0,12295.0,0.46,1.7,1714.0,2015-05
NKE,8414.0,3995.0,1418.0,1179.0,1179.0,1709.0,1754.5,3246.0,15238.0,3112.0,3112.0,2004.0,20766.0,5276.0,7872.0,12894.0,20766.0,1179.0,491.0,-318.0,1583.0,-318.0,173.0,12894.0,12482.0,0.47,1.61,1708.0,2015-08
NKE,7686.0,3501.0,941.0,785.0,785.0,1706.5,1751.4,3851.0,16755.0,3235.0,3235.0,2181.0,22583.0,5511.0,9178.0,13405.0,22583.0,785.0,545.0,-288.0,1098.0,-288.0,257.0,13405.0,12993.0,0.46,1.68,1707.0,2015-11
NKE,8032.0,3689.0,1123.0,950.0,950.0,1693.8,1737.3,3044.0,15256.0,3329.0,3329.0,1990.0,20987.0,4980.0,8687.0,12300.0,20987.0,950.0,876.0,-286.0,1300.0,-286.0,590.0,12300.0,11888.0,0.46,1.71,1685.0,2016-02
NKE,8244.0,3786.0,1020.0,846.0,846.0,1682.0,1724.5,3138.0,15025.0,7038.0,3520.0,2422.0,21379.0,5358.0,9121.0,12258.0,21379.0,846.0,1487.0,-242.0,1183.0,-242.0,1245.0,12258.0,11846.0,0.46,1.74,1682.0,2016-05
NKE,9061.0,4123.0,1226.0,1249.0,1249.0,1672.0,1708.9,2659.0,14589.0,3572.0,3572.0,2572.0,21156.0,5363.0,8991.0,12165.0,21156.0,1249.0,788.0,-277.0,1406.0,-277.0,511.0,12165.0,11742.0,0.46,1.74,1668.0,2016-08
NKE,8180.0,3616.0,1111.0,842.0,842.0,1659.1,1693.2,4339.0,16011.0,3566.0,3566.0,2653.0,22652.0,5225.0,10329.0,12323.0,22652.0,842.0,982.0,-235.0,1289.0,-235.0,747.0,12323.0,11901.0,0.44,1.84,1656.0,2016-11
NKE,8432.0,3750.0,1254.0,1141.0,1141.0,1653.1,1686.3,4021.0,16205.0,3793.0,3793.0,2732.0,23152.0,5271.0,10430.0,12722.0,23152.0,1141.0,1114.0,-264.0,1424.0,-264.0,850.0,12722.0,12300.0,0.44,1.82,1652.0,2017-02
NKE,8677.0,3823.0,1158.0,1008.0,1008.0,1646.7,1678.8,3808.0,16061.0,7958.0,3989.0,2787.0,23259.0,5474.0,10852.0,12407.0,23259.0,1008.0,962.0,-329.0,1346.0,-329.0,633.0,12407.0,11985.0,0.44,1.87,1643.0,2017-05
NKE,9070.0,3962.0,1106.0,950.0,950.0,1639.1,1676.9,3413.0,16192.0,4086.0,4086.0,2947.0,23647.0,6056.0,11654.0,11993.0,23647.0,950.0,575.0,-270.0,1291.0,-270.0,305.0,11993.0,11571.0,0.44,1.97,1637.0,2017-08
NKE,8554.0,3678.0,910.0,767.0,767.0,1627.0,1660.9,4304.0,16582.0,4117.0,4117.0,2935.0,24055.0,6750.0,12297.0,11758.0,24055.0,767.0,1323.0,-227.0,1101.0,-227.0,1096.0,11758.0,11337.0,0.43,2.05,1624.0,2017-11
NKE,8984.0,3938.0,1171.0,-921.0,-921.0,1623.5,1623.5,3662.0,15355.0,4298.0,4298.0,2478.0,22552.0,5783.0,12770.0,9782.0,22552.0,-921.0,787.0,-231.0,1369.0,-231.0,556.0,9782.0,9361.0,0.44,2.31,1611.76,2018-02
NKE,9789.0,4378.0,1258.0,1137.0,1137.0,1746.7,1746.7,4249.0,15134.0,8891.0,4454.0,2509.0,22536.0,6040.0,12724.0,9812.0,22536.0,1137.0,2270.0,-297.0,1458.0,-297.0,1973.0,9812.0,9373.0,0.45,2.3,1601.0,2018-05
NKE,9948.0,4397.0,1334.0,1092.0,1092.0,1594.0,1634.4,3282.0,15501.0,4487.0,4487.0,2057.0,22483.0,6708.0,13491.0,8992.0,22483.0,1092.0,1301.0,-343.0,1515.0,-343.0,958.0,8992.0,8554.0,0.44,2.5,1589.0,2018-08
NKE,9374.0,4105.0,963.0,847.0,847.0,1581.4,1620.7,3423.0,15566.0,4588.0,4588.0,2085.0,22677.0,7278.0,13948.0,8729.0,22677.0,847.0,1524.0,-287.0,1141.0,-287.0,1237.0,8729.0,8291.0,0.44,2.6,1577.0,2018-11
NKE,9611.0,4339.0,1248.0,1101.0,1101.0,1572.8,1609.6,3695.0,15796.0,4688.0,4688.0,2000.0,22921.0,7281.0,13960.0,8961.0,22921.0,1101.0,1068.0,-216.0,1425.0,-216.0,852.0,8961.0,8524.0,0.45,2.56,1573.0,2019-02
NKE,10184.0,4633.0,1227.0,989.0,989.0,1570.4,1609.1,4466.0,16525.0,9469.0,4744.0,2011.0,23717.0,7866.0,14677.0,9040.0,23717.0,989.0,2010.0,-273.0,1411.0,-273.0,1737.0,9040.0,8603.0,0.45,2.62,1568.0,2019-05
NKE,10660.0,4871.0,1543.0,1367.0,1367.0,1562.4,1597.5,3446.0,16228.0,7447.0,7447.0,2071.0,26249.0,8070.0,17049.0,9200.0,26249.0,1367.0,394.0,-284.0,1718.0,-284.0,110.0,9200.0,8697.0,0.46,2.85,1560.0,2019-08
NKE,10326.0,4544.0,1220.0,1115.0,1115.0,1560.6,1594.4,3070.0,16369.0,7550.0,7550.0,2182.0,26602.0,8264.0,17251.0,9351.0,26602.0,1115.0,912.0,-238.0,1407.0,-238.0,674.0,9351.0,8850.0,0.44,2.84,1559.0,2019-11
NKE,10104.0,4473.0,1190.0,847.0,847.0,1556.3,1591.6,2863.0,15744.0,7690.0,7690.0,2288.0,26220.0,8280.0,17175.0,9045.0,26220.0,847.0,1180.0,-275.0,1724.0,-275.0,905.0,9045.0,8547.0,0.44,2.9,1555.0,2020-02
NKE,6313.0,2353.0,-838.0,-790.0,-790.0,1555.8,1582.6,8348.0,20556.0,12758.0,7963.0,2326.0,31342.0,8284.0,23287.0,8055.0,31342.0,-790.0,-1.0,-289.0,-615.0,-289.0,-290.0,8055.0,7558.0,0.37,3.89,1558.0,2020-05
NKE,10594.0,4741.0,1766.0,1518.0,1518.0,1561.8,1593.3,8148.0,21937.0,8127.0,8127.0,2699.0,33258.0,8619.0,24034.0,9224.0,33258.0,1518.0,882.0,-176.0,1983.0,-176.0,706.0,9224.0,8729.0,0.45,3.61,1565.0,2020-08
NKE,11243.0,4847.0,1580.0,1251.0,1251.0,1573.0,1609.5,8635.0,23607.0,8045.0,8045.0,2691.0,34836.0,8871.0,24196.0,10640.0,34836.0,1251.0,2473.0,-168.0,1827.0,-168.0,2305.0,10640.0,10147.0,0.43,3.27,1575.0,2020-11
NKE,10357.0,4719.0,1678.0,1449.0,1449.0,1578.0,1616.9,8516.0,24700.0,8107.0,8107.0,2865.0,36185.0,8894.0,24254.0,11931.0,36185.0,1449.0,1290.0,-177.0,1790.0,-177.0,1113.0,11931.0,11418.0,0.46,3.03,1579.0,2021-02
NKE,12344.0,5655.0,1913.0,1509.0,1509.0,1579.3,1615.7,9889.0,26291.0,13174.0,8017.0,2921.0,37740.0,9674.0,24973.0,12767.0,37740.0,1509.0,2012.0,-174.0,2134.0,-174.0,1838.0,12767.0,12256.0,0.46,2.96,1578.0,2021-05
NKE,12248.0,5696.0,2124.0,1874.0,1874.0,1581.9,1619.6,10720.0,26390.0,7947.0,7947.0,3071.0,37917.0,8269.0,23574.0,14343.0,37917.0,1874.0,1111.0,-184.0,2292.0,-184.0,927.0,14343.0,13834.0,0.47,2.64,1583.0,2021-08
NKE,11357.0,5213.0,1454.0,1337.0,1337.0,1582.4,1617.4,10751.0,27177.0,7829.0,7829.0,3404.0,38917.0,8857.0,23993.0,14924.0,38917.0,1337.0,2757.0,-178.0,1647.0,-178.0,2579.0,14924.0,14417.0,0.46,2.61,1583.0,2021-11
NKE,10871.0,5067.0,1629.0,1396.0,1396.0,1579.0,1610.7,8704.0,26962.0,7765.0,7765.0,3275.0,38577.0,8818.0,23768.0,14809.0,38577.0,1396.0,169.0,-154.0,1812.0,-154.0,15.0,14809.0,14234.0,0.47,2.6,1576.0,2022-02
NKE,12234.0,5503.0,1468.0,1439.0,1439.0,1571.9,1595.8,8574.0,28213.0,13023.0,7717.0,3821.0,40321.0,10730.0,25040.0,15281.0,40321.0,1439.0,1151.0,-242.0,1764.0,-242.0,909.0,15281.0,14711.0,0.45,2.64,1571.0,2022-05
NKE,12687.0,5615.0,1695.0,1468.0,1468.0,1567.1,1585.8,7226.0,28877.0,7658.0,7658.0,3988.0,41088.0,10919.0,25266.0,15822.0,41088.0,1468.0,357.0,-264.0,1855.0,-264.0,93.0,15822.0,15257.0,0.44,2.6,1568.56,2022-08
TWTR,242.675,130.024,-509.676,-511.471,-511.471,569.922,569.922,841.01,2574.679,499.727,332.662,17.795,3366.24,225.43,416.234,2950.006,3366.24,-511.471,-2.868,-29.116,-476.452,-29.116,-31.984,2950.006,2508.902,0.54,1.14,569.922,2013-12
TWTR,250.492,164.989,-129.371,-132.362,-132.362,570.205,570.205,960.755,2505.38,583.265,383.272,32.629,3356.209,261.251,419.363,2936.846,3356.209,-132.362,42.683,-49.62,-89.42,-49.62,-6.937,2936.846,2501.918,0.66,1.14,589.298,2014-03
TWTR,312.166,212.139,-149.911,-144.642,-144.642,595.607,595.607,844.976,2463.886,704.941,467.634,33.199,3584.817,370.375,538.224,3046.593,3584.817,-144.642,81.697,-44.457,-104.28,-44.457,37.24,3046.593,2426.495,0.68,1.18,612.682,2014-06
TWTR,361.266,237.1,-161.431,-175.464,-175.464,614.395,614.395,2252.795,4173.885,788.34,503.958,32.827,5448.654,442.476,1923.616,3525.038,5448.654,-175.464,-85.902,-38.762,-101.276,-38.762,-124.664,3525.038,2787.054,0.66,1.55,632.158,2014-09
TWTR,479.078,342.465,-98.153,-125.352,-125.352,629.794,629.794,1510.724,4255.853,888.27,557.019,42.629000000001,5583.082,393.794,1956.679,3626.403,5583.082,-125.352,43.318,-68.791,-35.725,-68.791,-25.473,3626.403,2898.822,0.71,1.54,642.385,2014-12
TWTR,435.939,292.464,-146.616,-162.442,-162.442,640.464,640.464,1607.405,4194.091,987.108,599.751,47.559,5643.417,394.295,1956.32,3687.097,5643.417,-162.442,92.181,-67.735,-78.752,-67.735,24.446,3687.097,2885.081,0.67,1.53,653.141,2015-03
TWTR,502.383,334.76,-131.004,-136.663,-136.663,655.721,655.721,883.307,4270.427,1096.53,651.017,50.345,6230.334,424.841,1999.15,4231.184,6230.334,-136.663,89.979,-92.605,-54.955,-92.605,-2.626,4231.184,2972.639,0.67,1.47,674.379,2015-06
TWTR,569.237,369.042,-105.237,-131.69,-131.69,670.604,670.604,876.432,4263.559,1209.832,699.502,55.596,6289.064,427.778,2014.901,4274.163,6289.064,-131.69,101.668,-106.476,-23.773,-106.476,-4.808,4274.163,3003.756,0.65,1.47,681.409,2015-09
TWTR,710.473,492.51,-67.179,-90.236,-90.236,682.533,682.533,911.471,4381.792,1314.009,735.299,61.605,6442.439,506.039,2074.392,4368.047,6442.439,-90.236,99.238,-80.464,20.267,-80.464,18.774,4368.047,3104.304,0.69,1.47,694.132,2015-12
TWTR,594.521,396.116,-59.116,-79.731,-79.731,691.564,691.564,1027.661,4388.909,1395.854,746.713,89.739,6476.168,422.765,1998.682,4477.486,6476.168,-79.731,162.764,-59.148,29.505,-59.148,103.616,4477.486,3226.679,0.67,1.45,700.203,2016-03
TWTR,601.958,398.992,-86.376,-107.217,-107.217,698.326,698.326,947.71,4382.039,1479.676,758.837,161.865,6616.814,449.638,2059.961,4556.853,6616.814,-107.217,214.556,-39.087,6.907,-39.087,175.469,4556.853,3242.78,0.66,1.45,706.3,2016-06
TWTR,615.934,390.775,-78.089,-102.871,-102.871,704.359,704.359,1011.957,4478.413,1599.906,803.305,164.844,6742.946,470.598,2113.614,4629.332,6742.946,-102.871,189.192,-72.317,22.789,-72.317,116.875,4629.332,3332.948,0.63,1.46,713.721,2016-09
TWTR,717.206,411.496,-143.627,-167.054,-167.054,714.228,714.228,988.598,4652.196,1641.828,783.901,153.619,6870.365,584.021,2265.43,4604.935,6870.365,-167.054,196.543,-48.105,-24.237,-48.105,148.438,4604.935,3324.286,0.57,1.49,721.572,2016-12
TWTR,548.251,327.912,-40.278,-61.559,-61.559,722.048,722.048,1191.566,4695.332,1713.034,782.421,151.911,6892.742,488.992,2202.366,4690.376,6892.742,-61.559,203.448,-39.881,62.514,-39.881,163.567,4690.376,3427.298,0.6,1.47,729.745,2017-03
TWTR,573.855,360.947,-38.359,-116.488,-116.488,730.069,730.069,1288.323,4840.102,1780.886,781.272,90.244000000001,6963.098,494.578,2234.202,4728.896,6963.098,-116.488,189.707,-44.626,64.704,-44.626,145.081,4728.896,3477.416,0.63,1.47,736.47,2017-06
TWTR,589.633,379.617,7.279,-21.095,-21.095,736.515,736.515,1586.558,5002.422,1834.222,753.317,77.610000000001,7075.789,481.202,2246.383,4829.406,7075.789,-21.095,239.947,-36.076,104.771,-36.076,203.871,4829.406,3586.966,0.64,1.47,741.907,2017-09
TWTR,731.56,513.581,110.098,91.079,91.079,741.93,741.93,1638.413,5321.884,1928.088,773.715,78.289,7412.477,583.278,2365.259,5047.218,7412.477,91.079,198.107,-40.159,202.618,-40.159,157.948,5047.218,3808.629,0.7,1.47,746.902,2017-12
TWTR,664.871,442.048,74.925,60.997,60.997,747.697,765.861,1601.028,5409.235,2027.349,801.912,92.567999999999,7539.441,528.654,2329.005,5210.436,7539.441,60.997,242.673,-91.328,171.771,-91.328,151.345,5210.436,3974.71,0.66,1.45,752.037,2018-03
TWTR,710.541,480.356,79.624,100.117,100.117,752.351,772.556,2544.641,6540.504,2187.421,914.795,127.748,8861.23,594.419,3290.326,5570.904,8861.23,100.117,321.14,-193.757,185.606,-193.757,127.383,5570.904,4292.721,0.68,1.59,756.956,2018-06
TWTR,758.111,514.467,91.868,789.179,789.179,756.537,776.002,1928.929,6719.76,2232.514,904.027,849.656,9746.192,1457.646,3293.62,6452.572,9746.192,789.179,443.899,-116.701,203.815,-116.701,327.198,6452.572,5179.823,0.68,1.51,760.403,2018-09
TWTR,908.836,640.491,206.908,255.303,255.303,760.605,776.211,1894.444,7111.036,2165.252,885.078,894.164,10162.572,1516.311,3356.978,6805.594,10162.572,255.303,331.999,-69.078,317.631,-69.078,262.921,6805.594,5533.3,0.7,1.49,764.257,2018-12
TWTR,786.89,522.879,93.658,190.804,190.804,764.55,777.689,2247.661,7255.785,2977.292,1620.405,1000.158,11145.231,1621.679,4056.412,7088.819,11145.231,190.804,351.693,-81.07,207.132,-81.07,270.623,7088.819,5819.936,0.66,1.57,767.913,2019-03
TWTR,841.381,563.416,75.686,1119.56,1119.56,768.755,785.056,2183.111,7512.783,3131.681,1677.368,2033.851,12521.607,1733.738,4176.793,8344.814,12521.607,1119.56,338.973,-134.694,191.302,-134.694,204.279,8344.814,7047.209,0.67,1.5,772.393,2019-06
TWTR,823.717,542.66,44.145,36.522,36.522,772.789,790.523,1869.444,6624.451,3141.656,1657.689,2028.398,11600.925,762.627,3185.283,8415.642,11600.925,36.522,335.519,-169.019,164.131,-169.019,166.5,8415.642,7125.255,0.66,1.38,775.718,2019-09
TWTR,1007.341,693.333,152.884,118.773,118.773,776.759,788.795,1799.082,7620.075,3279.526,1728.876,2042.633,12703.389,832.476,3999.003,8704.386,12703.389,118.773,277.179,-149.747,269.357,-149.747,127.432,8704.386,7392.581,0.69,1.46,779.619,2019-12
TWTR,807.637,523.6,-7.443,-8.396,-8.396,780.688,780.688,3463.349,8467.579,3361.941,1747.898,1991.05,13540.725,710.02,4745.098,8795.627,13540.725,-8.396,246.767,-121.044,113.206,-121.044,125.723,8795.627,7461.429,0.65,1.54,784.1,2020-03
TWTR,683.438,395.399,-273.93,-1378.005,-1378.005,785.909,785.909,3112.454,8495.287,3496.536,1782.803,920.825,12547.587,841.107,4889.532,7658.055,12547.587,-1378.005,201.016,-162.134,-150.093,-162.134,38.882,7658.055,6309.383,0.58,1.64,790.426,2020-06
TWTR,936.233,574.845,56.107,28.659,28.659,790.827,806.383,2201.073,8589.579,4027.615,2220.933,930.21,13088.792,1935.103,5276.704,7812.088,13088.792,28.659,214.787,-288.836,178.09,-288.836,-74.049,7812.088,6464.018,0.61,1.68,794.447,2020-09
TWTR,1289.041,856.117,251.924,222.116,222.116,794.08,794.08,1988.429,8637.108,4284.67,2423.933,947.365,13379.09,1952.826,5409.008,7970.082,13379.09,222.116,330.3,-292.17,380.632,-292.17,38.13,7970.082,6599.398,0.66,1.68,796.0,2020-12
TWTR,1036.018,655.01,52.182,68.005,68.005,795.633,872.187,4248.702,9863.742,4556.365,2621.11,1120.044,14984.075,2036.693,7247.425,7736.65,14984.075,68.005,390.184,-179.346,183.234,-179.346,210.838,7736.65,6357.471,0.63,1.94,798.083,2021-03
TWTR,1190.427,773.495,30.252,65.649,65.649,796.472,869.18,4125.595,9728.141,5061.67,3037.807,1174.564,15323.225,2257.919,7607.097,7716.128,15323.225,65.649,381.967,-276.193,165.064,-276.193,105.774,7716.128,6333.415,0.65,1.99,797.941,2021-06
TWTR,1283.817,799.338,23.153,-536.757,-536.757,797.985,797.985,3473.865,8649.234,5281.24,3169.409,1430.174,14589.345,2114.981,7416.714,7172.631,14589.345,-536.757,388.98,-409.151,156.601,-409.151,-20.171,7172.631,5832.103,0.62,2.03,799.525,2021-09
TWTR,1567.22,1052.129,167.375,181.694,181.694,799.967,799.967,2186.549,7918.37,5479.083,3277.284,1493.018,14059.516,1343.867,6752.317,7307.199,14059.516,181.694,-528.442,-138.394,312.911,-138.394,-666.836,7307.199,5936.355,0.67,1.92,799.384,2021-12
TWTR,1200.984,693.534,-127.833,513.286,513.286,778.937,838.59,2283.308,7476.068,5737.138,3423.016,1293.686,13550.957,1136.707,7646.041,5904.916,13550.957,513.286,126.091,-160.692,32.45,-160.692,-34.601,5904.916,4546.729,0.58,2.29,763.578,2022-03
TWTR,1176.66,635.984,-343.762,-270.007,-270.007,766.837,766.837,2680.596,7273.581,3547.755,3547.755,1401.87,13579.287,1017.263,7646.806,5932.481,13579.287,-270.007,29.696,-153.646,-170.474,-153.646,-123.95,5932.481,4576.4,0.54,2.29,770.978,2022-06
DIS,8549.0,1165.0,1165.0,688.0,688.0,2045.0,2099.0,1462.0,10076.0,21572.0,12570.0,9130.0,51520.0,9555.0,27042.0,24478.0,51520.0,688.0,-2.0,-208.0,1438.0,-208.0,-210.0,24478.0,4734.0,0.14,2.1,2013.3,2003-12
DIS,7189.0,1036.0,1036.0,537.0,537.0,2048.0,2110.0,3148.0,10748.0,27794.0,16278.0,8329.0,55096.0,12776.0,29603.0,25493.0,55096.0,537.0,2506.0,-260.0,1315.0,-260.0,2246.0,25493.0,5752.0,0.14,2.16,2013.3,2004-03
DIS,7471.0,1096.0,1096.0,604.0,604.0,2053.0,2111.0,3023.0,10167.0,27647.0,16248.0,8378.0,54561.0,12158.0,28403.0,26158.0,54561.0,604.0,899.0,-426.0,1416.0,-426.0,473.0,26158.0,6390.0,0.15,2.09,2013.3,2004-06
DIS,7543.0,751.0,751.0,516.0,516.0,2538.185,2538.185,2042.0,9369.0,28147.0,16482.0,8270.0,53902.0,11059.0,27023.0,26879.0,53902.0,516.0,1241.0,-533.0,1089.0,-533.0,708.0,26879.0,7098.0,0.1,2.01,2054.58,2004-09
DIS,8666.0,1116.0,1116.0,686.0,686.0,2042.0,2107.0,2166.0,10378.0,28975.0,16827.0,8473.0,55449.0,11264.0,28204.0,27245.0,55449.0,686.0,156.0,-347.0,1442.0,-347.0,-191.0,27245.0,7474.0,0.13,2.04,2043.28,2004-12
DIS,7829.0,1109.0,1109.0,657.0,657.0,2044.0,2114.0,1941.0,10182.0,29110.0,16796.0,8296.0,55047.0,8596.0,27003.0,28044.0,55047.0,657.0,972.0,-426.0,1439.0,-426.0,546.0,28044.0,8271.0,0.14,1.96,2082.9,2005-03
DIS,7715.0,1282.0,1282.0,811.0,811.0,2031.0,2096.0,2034.0,9508.0,29090.0,16690.0,7926.0,53892.0,8036.0,25685.0,28207.0,53892.0,811.0,1800.0,-414.0,1632.0,-414.0,1386.0,28207.0,8439.0,0.17,1.91,2049.6,2005-06
DIS,7164.0,424.0,424.0,379.0,379.0,2256.554,2256.554,1723.0,8845.0,29573.0,16968.0,2213.0,53158.0,9168.0,25700.0,27458.0,53158.0,379.0,1341.0,-639.0,759.0,-639.0,702.0,27458.0,2326.0,0.06,1.94,2007.2,2005-09
DIS,8854.0,1161.0,1161.0,734.0,734.0,1940.0,1999.0,1819.0,9810.0,29509.0,16721.0,7451.0,53667.0,10236.0,27028.0,26639.0,53667.0,734.0,579.0,-203.0,1530.0,-203.0,376.0,26639.0,6954.0,0.13,2.01,1958.6,2005-12
DIS,8027.0,1186.0,1186.0,733.0,733.0,1924.0,1990.0,2031.0,9663.0,29805.0,16719.0,7545.0,53624.0,9467.0,26500.0,27124.0,53624.0,733.0,1602.0,-259.0,1543.0,-259.0,1343.0,27124.0,7427.0,0.15,1.98,1940.1,2006-03
DIS,8474.0,1740.0,1740.0,1125.0,1125.0,2071.0,2147.0,1953.0,9165.0,30533.0,17006.0,2217.0,59357.0,9351.0,25567.0,33790.0,59357.0,1125.0,1468.0,-305.0,2096.0,-305.0,1163.0,33790.0,2821.0,0.21,1.76,2160.2,2006-06
DIS,8652.0,1315.0,1315.0,782.0,782.0,2086.0,2169.0,2411.0,9562.0,30948.0,17167.0,2622.0,59998.0,10210.0,26835.0,33163.0,59998.0,782.0,2409.0,-552.0,1670.0,-552.0,1857.0,33163.0,2516.0,0.15,1.81,2064.0,2006-09
DIS,9581.0,1674.0,1674.0,1701.0,1701.0,2059.0,2148.0,2437.0,11115.0,31305.0,17144.0,2153.0,60993.0,10587.0,27127.0,33866.0,60993.0,1701.0,516.0,-245.0,2048.0,-245.0,271.0,33866.0,3285.0,0.17,1.8,2035.2,2006-12
DIS,7954.0,1513.0,1513.0,931.0,931.0,2039.0,2129.0,2182.0,9514.0,31523.0,17034.0,2257.0,59605.0,10277.0,26734.0,32871.0,59605.0,931.0,2244.0,-301.0,1873.0,-301.0,1943.0,32871.0,2071.0,0.19,1.81,1981.63,2007-03
DIS,9045.0,2023.0,2023.0,1178.0,1178.0,1982.0,2070.0,3464.0,10818.0,31786.0,17065.0,2364.0,59667.0,9545.0,26908.0,32759.0,59667.0,1178.0,1094.0,-440.0,2388.0,-440.0,654.0,32759.0,3339.0,0.22,1.82,1940.92,2007-06
DIS,8930.0,1571.0,1571.0,877.0,877.0,1935.0,2023.0,3670.0,11314.0,32578.0,17433.0,2479.0,60928.0,11391.0,28880.0,32048.0,60928.0,877.0,1567.0,-580.0,1963.0,-580.0,987.0,32048.0,2346.0,0.18,1.9,1962.2,2007-09
DIS,10452.0,2033.0,2033.0,1250.0,1250.0,1904.0,1989.0,3414.0,13268.0,32897.0,17356.0,2656.0,62772.0,12383.0,31065.0,31707.0,62772.0,1250.0,662.0,-249.0,2418.0,-249.0,413.0,31707.0,2215.0,0.19,1.98,1931.0,2007-12
DIS,8710.0,1898.0,1898.0,1133.0,1133.0,1883.0,1960.0,3860.0,12396.0,33592.0,17557.0,7771.0,62291.0,11256.0,30357.0,31934.0,62291.0,1133.0,2603.0,-347.0,2289.0,-347.0,2256.0,31934.0,7367.0,0.22,1.95,1901.2,2008-03
DIS,9236.0,2021.0,2021.0,1284.0,1284.0,1900.0,1940.0,2589.0,11243.0,33871.0,17550.0,3011.0,61582.0,10039.0,27567.0,34015.0,61582.0,1284.0,936.0,-353.0,2423.0,-353.0,583.0,34015.0,4237.0,0.22,1.81,1869.7,2008-06
DIS,9445.0,1491.0,1491.0,760.0,760.0,1872.0,1903.0,3001.0,11666.0,33842.0,17532.0,7157.0,62497.0,11591.0,28830.0,33667.0,62497.0,1062.0,1245.0,-629.0,1895.0,-629.0,616.0,33667.0,9774.0,0.16,1.86,1822.9,2008-09
DIS,9599.0,1217.0,1217.0,845.0,845.0,1852.0,1872.0,3795.0,13472.0,33739.0,17305.0,3746.0,64901.0,12604.0,30986.0,33915.0,64901.0,851.0,262.0,-291.0,1613.0,-291.0,-29.0,33915.0,3537.0,0.13,1.91,1856.33,2008-12
DIS,8087.0,1287.0,1287.0,613.0,613.0,1855.0,1868.0,3369.0,11977.0,33818.0,17210.0,7629.0,63032.0,10186.0,28733.0,34299.0,63032.0,653.0,1805.0,-458.0,1693.0,-458.0,1347.0,34299.0,9647.0,0.16,1.84,1856.75,2009-03
DIS,8596.0,1598.0,1598.0,954.0,954.0,1857.0,1874.0,3128.0,11499.0,34348.0,17287.0,7459.0,62584.0,8606.0,27186.0,35398.0,62584.0,1031.0,1514.0,-378.0,2002.0,-378.0,1136.0,35398.0,10727.0,0.19,1.77,1819.7,2009-06
DIS,9867.0,1595.0,1595.0,895.0,895.0,1859.0,1887.0,3417.0,11889.0,34992.0,17597.0,7147.0,63117.0,8934.0,27692.0,35425.0,63117.0,1074.0,1738.0,-626.0,2020.0,-626.0,1112.0,35425.0,11495.0,0.16,1.78,1818.3,2009-09
DIS,9739.0,1414.0,1414.0,844.0,844.0,1867.0,1903.0,3204.0,12945.0,35152.0,17434.0,7192.0,69314.0,11667.0,31356.0,37958.0,69314.0,844.0,915.0,-307.0,1837.0,-307.0,608.0,37958.0,8793.0,0.15,1.83,1875.9,2009-12
DIS,8580.0,1512.0,1512.0,953.0,953.0,1940.0,1973.0,3075.0,12487.0,35218.0,17334.0,7550.0,68760.0,10052.0,29791.0,38969.0,68760.0,998.0,1574.0,-500.0,1936.0,-500.0,1074.0,38969.0,10187.0,0.18,1.76,1969.2,2010-03
DIS,10002.0,2279.0,2279.0,1331.0,1331.0,1945.0,1978.0,2951.0,12601.0,34962.0,17154.0,7189.0,68305.0,9489.0,28704.0,39601.0,68305.0,1505.0,1883.0,-506.0,2711.0,-506.0,1377.0,39601.0,10827.0,0.23,1.72,1932.3,2010-06
DIS,9742.0,1521.0,1521.0,835.0,835.0,1909.0,1939.0,2722.0,12225.0,36179.0,17806.0,7481.0,69206.0,11000.0,29864.0,39342.0,69206.0,966.0,2206.0,-797.0,1955.0,-797.0,1409.0,39342.0,10161.0,0.16,1.76,1896.9,2010-09
DIS,10716.0,1940.0,1940.0,1302.0,1302.0,1891.0,1927.0,3039.0,13994.0,37087.0,18486.0,6665.0,70950.0,12747.0,31211.0,39739.0,70950.0,1334.0,1119.0,-1213.0,2387.0,-1213.0,-94.0,39739.0,10425.0,0.18,1.79,1874.7,2010-12
DIS,9077.0,1528.0,1528.0,942.0,942.0,1899.0,1934.0,3094.0,13220.0,38054.0,18898.0,6705.0,70588.0,12803.0,30276.0,40312.0,70588.0,1010.0,1949.0,-632.0,1984.0,-632.0,1317.0,40312.0,11046.0,0.17,1.75,1855.2,2011-03
DIS,10675.0,2446.0,2446.0,1476.0,1476.0,1883.0,1912.0,3519.0,13643.0,38798.0,19207.0,6520.0,71105.0,12766.0,30183.0,40922.0,71105.0,1663.0,1822.0,-716.0,2922.0,-716.0,1106.0,40922.0,11692.0,0.23,1.74,1820.2,2011-06
DIS,10425.0,1867.0,1867.0,1087.0,1087.0,1839.0,1864.0,3185.0,13757.0,39267.0,19695.0,6971.0,72124.0,12088.0,32671.0,39453.0,72124.0,1251.0,2104.0,-998.0,2329.0,-998.0,1106.0,39453.0,10187.0,0.18,1.83,1762.2,2011-09
DIS,10779.0,2192.0,2192.0,1464.0,1464.0,1798.0,1824.0,3766.0,15060.0,39521.0,19760.0,7139.0,73877.0,13524.0,34454.0,39423.0,73877.0,1521.0,1734.0,-634.0,2677.0,-634.0,1100.0,39423.0,10190.0,0.2,1.87,1838.9,2011-12
DIS,9629.0,1687.0,1687.0,1143.0,1143.0,1793.0,1818.0,3731.0,14537.0,41015.0,20842.0,7115.0,75233.0,12724.0,35321.0,39912.0,75233.0,1226.0,1812.0,-1477.0,2175.0,-1477.0,335.0,39912.0,9657.0,0.18,1.88,1817.5,2012-03
DIS,11088.0,2960.0,2960.0,1831.0,1831.0,1791.0,1812.0,4374.0,14754.0,41198.0,20944.0,7083.0,75291.0,11117.0,33218.0,42073.0,75291.0,2036.0,2885.0,-740.0,3482.0,-740.0,2145.0,42073.0,11960.0,0.27,1.79,1808.9,2012-06
DIS,10782.0,11971.0,2024.0,1244.0,1244.0,1794.0,1818.0,3387.0,13709.0,42199.0,21512.0,6829.0,74898.0,12813.0,32940.0,41958.0,74898.0,1390.0,1535.0,-933.0,2516.0,-933.0,602.0,41958.0,11833.0,1.11,1.79,1800.0,2012-09
DIS,11341.0,2092.0,2092.0,1382.0,1382.0,1777.0,1800.0,3207.0,14322.0,42857.0,21671.0,7062.0,80642.0,14498.0,37272.0,43370.0,80642.0,1438.0,1144.0,-545.0,2606.0,-545.0,599.0,43370.0,8405.0,0.18,1.86,1800.0,2012-12
DIS,10554.0,2195.0,2195.0,1513.0,1513.0,1804.0,1825.0,3952.0,15003.0,43131.0,21650.0,7218.0,81358.0,13453.0,37214.0,44144.0,81358.0,1621.0,2160.0,-574.0,2745.0,-574.0,1586.0,44144.0,9223.0,0.21,1.84,1800.0,2013-03
DIS,11578.0,3004.0,3004.0,1847.0,1847.0,1802.0,1821.0,3932.0,14205.0,43856.0,21875.0,7030.0,80565.0,11341.0,34658.0,45907.0,80565.0,2034.0,3413.0,-690.0,3573.0,-690.0,2723.0,45907.0,11135.0,0.26,1.75,1800.0,2013-06
DIS,11568.0,12716.0,2159.0,1394.0,1394.0,1786.0,1804.0,3931.0,14109.0,44839.0,22380.0,7209.0,81241.0,11704.0,33091.0,48150.0,81241.0,1543.0,2735.0,-987.0,2718.0,-987.0,1748.0,48150.0,13456.0,1.1,1.69,1800.0,2013-09
DIS,12309.0,5244.0,2665.0,1840.0,1840.0,1762.0,1784.0,4397.0,15763.0,45441.0,22567.0,7415.0,83166.0,15696.0,35870.0,47296.0,83166.0,1904.0,1212.0,-658.0,3226.0,-658.0,554.0,47296.0,12659.0,0.43,1.76,1700.0,2013-12
DIS,11649.0,5677.0,2981.0,1917.0,1917.0,1750.0,1770.0,4078.0,15046.0,45975.0,22681.0,7491.0,82580.0,15162.0,34940.0,47640.0,82580.0,2056.0,2527.0,-701.0,3561.0,-701.0,1826.0,47640.0,13028.0,0.49,1.73,1700.0,2014-03
DIS,12466.0,6102.0,3498.0,2245.0,2245.0,1732.0,1748.0,4090.0,15205.0,46628.0,23013.0,7455.0,83723.0,13351.0,35111.0,48612.0,83723.0,2419.0,2936.0,-889.0,4055.0,-889.0,2047.0,48612.0,13420.0,0.49,1.72,1700.0,2014-06
DIS,12389.0,5370.0,2396.0,1499.0,1499.0,1716.0,1735.0,3421.0,15169.0,47054.0,23332.0,7629.0,84141.0,13292.0,35963.0,48178.0,84141.0,1625.0,3105.0,-1063.0,2986.0,-1063.0,2042.0,48178.0,12863.0,0.43,1.75,1700.0,2014-09
DIS,13391.0,5735.0,3208.0,2182.0,2182.0,1700.0,1717.0,5077.0,17240.0,47705.0,23660.0,8275.0,87035.0,16804.0,39242.0,47793.0,87035.0,2244.0,1855.0,-998.0,3800.0,-998.0,857.0,47793.0,12575.0,0.43,1.82,1700.0,2014-12
DIS,12461.0,5771.0,3106.0,2108.0,2108.0,1699.0,1715.0,3745.0,15646.0,47778.0,23762.0,8575.0,85715.0,13410.0,35978.0,49737.0,85715.0,2228.0,2918.0,-907.0,3690.0,-907.0,2011.0,49737.0,14580.0,0.46,1.72,1700.0,2015-03
DIS,13101.0,6438.0,3762.0,2483.0,2483.0,1696.0,1711.0,4475.0,16512.0,48909.0,24436.0,8640.0,87367.0,14826.0,36860.0,50507.0,87367.0,2639.0,2808.0,-1156.0,4337.0,-1156.0,1652.0,50507.0,15422.0,0.49,1.73,1600.0,2015-06
DIS,13512.0,6157.0,3148.0,1609.0,1609.0,1679.0,1694.0,4269.0,16758.0,50023.0,25179.0,8604.0,88182.0,16334.0,39527.0,48655.0,88182.0,1741.0,3804.0,-1204.0,3751.0,-1204.0,2600.0,48655.0,13657.0,0.46,1.81,1600.0,2015-09
DIS,15244.0,6621.0,3989.0,2880.0,2880.0,1654.0,1668.0,4301.0,17768.0,50666.0,25487.0,8676.0,90121.0,18796.0,41923.0,48198.0,90121.0,2910.0,2456.0,-1406.0,4596.0,-1406.0,1050.0,48198.0,13276.0,0.43,1.87,1700.0,2015-12
DIS,12969.0,6105.0,3363.0,2143.0,2143.0,1633.0,1643.0,5015.0,16999.0,52278.0,26421.0,8728.0,90264.0,17073.0,42254.0,48010.0,90264.0,2276.0,3529.0,-1150.0,3968.0,-1150.0,2379.0,48010.0,13141.0,0.47,1.88,1700.0,2016-03
DIS,14277.0,7076.0,4145.0,2597.0,2597.0,1621.0,1631.0,5227.0,17617.0,53140.0,26865.0,8407.0,90914.0,18072.0,42768.0,48146.0,90914.0,2712.0,3630.0,-1135.0,4771.0,-1135.0,2495.0,48146.0,13349.0,0.5,1.89,1700.0,2016-06
DIS,13142.0,5837.0,2861.0,1771.0,1771.0,1608.0,1615.0,4610.0,16966.0,54198.0,27349.0,8679.0,92033.0,16842.0,44710.0,47323.0,92033.0,1892.0,3521.0,-1082.0,3550.0,-1082.0,2439.0,47323.0,12564.0,0.44,1.94,1600.0,2016-09
DIS,14784.0,6378.0,3706.0,2479.0,2479.0,1592.0,1603.0,3736.0,16665.0,54050.0,27054.0,8952.0,91576.0,19317.0,44399.0,47177.0,91576.0,2488.0,1445.0,-1040.0,4393.0,-1040.0,405.0,47177.0,12492.0,0.43,1.94,1600.0,2016-12
DIS,13336.0,6367.0,3750.0,2388.0,2388.0,1580.0,1591.0,3800.0,16270.0,55045.0,27399.0,9307.0,91807.0,17365.0,44540.0,47267.0,91807.0,2539.0,3228.0,-883.0,4426.0,-883.0,2345.0,47267.0,12591.0,0.48,1.94,1564.88,2017-03
DIS,14238.0,6521.0,3788.0,2366.0,2366.0,1562.0,1572.0,4336.0,17151.0,56068.0,27733.0,9095.0,92752.0,17094.0,46701.0,46051.0,92752.0,2474.0,4100.0,-805.0,4499.0,-805.0,3295.0,46051.0,11419.0,0.46,2.01,1600.0,2017-06
DIS,12779.0,5565.0,2629.0,1747.0,1747.0,1538.0,1548.0,4017.0,15889.0,57443.0,28406.0,9871.0,95789.0,19595.0,49637.0,46152.0,95789.0,1865.0,3570.0,-895.0,3337.0,-895.0,2675.0,46152.0,7731.0,0.44,2.08,1500.0,2017-09
DIS,15351.0,6622.0,3793.0,4423.0,4423.0,1512.0,1521.0,4677.0,17274.0,58231.0,28584.0,10310.0,97734.0,19875.0,49509.0,48225.0,97734.0,4473.0,2237.0,-981.0,4535.0,-981.0,1256.0,48225.0,9865.0,0.43,2.03,1507.28,2017-12
DIS,14548.0,7007.0,4037.0,2937.0,2937.0,1503.0,1510.0,4179.0,16808.0,59635.0,29200.0,10475.0,97943.0,19728.0,48142.0,49801.0,97943.0,3115.0,4526.0,-1063.0,4768.0,-1063.0,3463.0,49801.0,11489.0,0.48,1.97,1500.0,2018-03
DIS,15229.0,6881.0,3924.0,2916.0,2916.0,1491.0,1498.0,4326.0,17729.0,59984.0,29373.0,10337.0,98792.0,20214.0,47584.0,51208.0,98792.0,3059.0,3679.0,-1220.0,4668.0,-1220.0,2459.0,51208.0,13010.0,0.45,1.93,1500.0,2018-06
DIS,14306.0,6198.0,3083.0,2322.0,2322.0,1490.0,1498.0,4150.0,16825.0,60304.0,29540.0,11253.0,98598.0,17860.0,44643.0,53955.0,98598.0,2419.0,3853.0,-1201.0,3877.0,-1201.0,2652.0,53955.0,15874.0,0.43,1.83,1500.0,2018-09
DIS,15303.0,6302.0,3418.0,2788.0,2788.0,1490.0,1498.0,4455.0,17537.0,60866.0,29797.0,11601.0,99941.0,17619.0,44424.0,55517.0,99941.0,2786.0,2099.0,-1195.0,4150.0,-1195.0,904.0,55517.0,17481.0,0.41,1.8,1490.0,2018-12
DIS,14922.0,6546.0,3388.0,5452.0,5452.0,1530.0,1537.0,10108.0,34277.0,64149.0,31017.0,42926.0,214342.0,44376.0,108900.0,105442.0,214342.0,5590.0,3880.0,-1195.0,4216.0,-1195.0,2685.0,105442.0,3400.0,0.44,2.03,1781.0,2019-03
DIS,20262.0,7425.0,2751.0,1760.0,1760.0,1802.0,1814.0,6728.0,31370.0,63480.0,31392.0,39926.0,209475.0,44593.0,104222.0,105253.0,209475.0,1615.0,-1393.0,-1177.0,4057.0,-1177.0,-2570.0,105253.0,2338.0,0.37,1.99,1781.0,2019-06
DIS,19118.0,7274.0,2274.0,1054.0,1054.0,1803.0,1816.0,5418.0,28124.0,64018.0,31603.0,27525.0,193984.0,31341.0,91132.0,102852.0,193984.0,906.0,2020.0,-1309.0,3575.0,-1309.0,711.0,102852.0,-656.0,0.38,1.89,1781.0,2019-09
DIS,20877.0,7843.0,2835.0,2107.0,2107.0,1805.0,1817.0,6833.0,27776.0,64952.0,31895.0,34982.0,200948.0,34797.0,97146.0,103802.0,200948.0,2168.0,1611.0,-1338.0,4134.0,-1338.0,273.0,103802.0,819.0,0.38,1.94,1781.0,2019-12
DIS,18025.0,6088.0,1361.0,460.0,460.0,1808.0,1816.0,14339.0,33274.0,65864.0,32151.0,35332.0,206294.0,35473.0,102321.0,103973.0,206294.0,528.0,3180.0,-1247.0,2695.0,-1247.0,1933.0,103973.0,1616.0,0.34,1.98,1781.0,2020-03
DIS,11779.0,3883.0,51.0,-4721.0,-4721.0,1809.0,1809.0,23115.0,41330.0,66530.0,31891.0,33995.0,207649.0,30917.0,108024.0,99625.0,207649.0,-4509.0,1160.0,-708.0,1428.0,-708.0,452.0,99625.0,2803.0,0.33,2.08,1781.0,2020-06
DIS,14707.0,3694.0,-453.0,-710.0,-710.0,1811.0,1811.0,17914.0,35251.0,67595.0,32078.0,33455.0,201549.0,26628.0,104037.0,97512.0,201549.0,-629.0,1667.0,-729.0,882.0,-729.0,938.0,97512.0,650.0,0.25,2.07,1807.06,2020-09
DIS,16249.0,4474.0,259.0,17.0,17.0,1812.0,1823.0,17068.0,34874.0,68643.0,32263.0,34272.0,201888.0,26546.0,103830.0,98058.0,201888.0,30.0,84.0,-760.0,1557.0,-760.0,-676.0,98058.0,1616.0,0.28,2.06,1781.0,2020-12
DIS,15613.0,5831.0,1446.0,901.0,901.0,1817.0,1829.0,15890.0,32877.0,69003.0,32137.0,34943.0,200250.0,26642.0,101054.0,99196.0,200250.0,1122.0,1388.0,-770.0,2718.0,-770.0,618.0,99196.0,3212.0,0.37,2.02,1781.0,2021-03
DIS,17022.0,5789.0,1355.0,918.0,918.0,1818.0,1830.0,16070.0,33966.0,69956.0,32377.0,36397.0,202221.0,27413.0,101607.0,100614.0,202221.0,1128.0,1460.0,-938.0,2621.0,-938.0,522.0,100614.0,5178.0,0.34,2.01,1781.0,2021-06
DIS,18534.0,6193.0,599.0,159.0,159.0,1816.0,1831.0,15959.0,33657.0,70544.0,32624.0,38207.0,203609.0,31077.0,101385.0,102224.0,203609.0,256.0,2635.0,-1110.0,1874.0,-1110.0,1525.0,102224.0,7038.0,0.33,1.99,1818.0,2021-09
DIS,21819.0,7252.0,2196.0,1104.0,1104.0,1819.0,1828.0,14444.0,32913.0,71186.0,32681.0,39542.0,203311.0,30037.0,99718.0,103593.0,203311.0,1200.0,-201.0,-981.0,3465.0,-981.0,-1182.0,103593.0,8967.0,0.33,1.96,1781.0,2021-12
DIS,19249.0,6655.0,1600.0,470.0,470.0,1822.0,1828.0,13272.0,31427.0,71700.0,32917.0,40859.0,202453.0,29601.0,98440.0,104013.0,202453.0,597.0,1765.0,-1079.0,2887.0,-1079.0,686.0,104013.0,10119.0,0.35,1.95,1781.0,2022-03
DIS,21504.0,7822.0,2432.0,1409.0,1409.0,1823.0,1825.0,12959.0,31422.0,72672.0,33583.0,42554.0,204074.0,30704.0,98216.0,105858.0,204074.0,1502.0,1922.0,-1735.0,3722.0,-1735.0,187.0,105858.0,12579.0,0.36,1.93,1781.0,2022-06
DIS,20150.0,542.0,542.0,162.0,162.0,1824.0,1826.0,11615.0,29098.0,72952.0,33596.0,44985.0,203631.0,29073.0,95253.0,108378.0,203631.0,254.0,2524.0,-1148.0,1859.0,-1148.0,1376.0,108378.0,15644.0,0.03,1.88,1781.0,2022-09
NFLX,55.669,25.662,-4.911,-4.521,-4.521,318.318,318.318,66.028,113.194,85.935,14.588,2.562,135.629,43.91,44.565,91.064,135.629,-4.521,12.827,-6.582,3.851,-6.582,6.245,91.064,85.779,0.46,1.49,321.685,2003-03
NFLX,63.187,27.946,2.848,3.313,3.313,331.072,431.368,71.229,119.585,104.2,23.461,2.542,150.065,51.532,52.059,98.006,150.065,5.459,23.62,-19.311,14.188,-19.311,4.309,98.006,93.529,0.44,1.53,335.422,2003-06
NFLX,72.202,33.554,2.856,3.303,3.303,337.204,440.44,79.17,127.602,118.089,25.027,2.531,158.864,53.555,54.003,104.861,158.864,3.303,21.986,-14.139,17.07,-14.139,7.847,104.861,101.157,0.46,1.51,339.186,2003-09
NFLX,81.185,36.721,1.533,2.271,2.271,355.946,355.946,89.894,138.946,29.325,9.772,24.346,176.012,63.019,63.304,112.708,176.012,2.271,31.359,-22.627,18.208,-22.627,8.732,112.708,109.76,0.45,1.56,355.946,2003-12
NFLX,100.37,43.743,-6.35,-5.79,-5.79,358.974,358.974,100.188,148.958,29.881,10.328,29.625,191.233,77.5,77.708,113.525,191.233,-5.79,33.8,-1.261,13.655,-1.261,32.539,113.525,111.203,0.44,1.68,360.823,2004-03
NFLX,120.321,50.533,2.617,2.891,2.891,363.286,454.825,153.444,158.721,30.606,11.053,32.551,204.193,81.908,82.287,121.906,204.193,2.891,31.966,-1.437,25.535,-1.437,30.529,121.906,120.038,0.42,1.68,364.849,2004-06
NFLX,141.644,70.043,18.398,18.925,18.925,365.477,451.143,167.814,176.569,33.202,13.649,44.004,235.637,90.33,90.817,144.82,235.637,18.925,49.268,-2.935,40.87,-2.935,46.333,144.82,143.405,0.49,1.63,366.124,2004-09
NFLX,138.276,4.58,4.689,5.569,5.569,367.906,451.227,174.461,187.346,42.205,18.728,44.758,251.793,94.91,95.51,156.283,251.793,5.569,30.235,-104.557,27.498,-104.557,-74.322,156.283,155.322,0.03,1.61,369.124,2004-12
NFLX,152.446,41.325,-9.783,-8.814,-8.814,369.712,369.712,165.822,174.036,47.112,23.635,55.404,253.582,100.776,101.469,152.113,253.582,-8.814,29.443,-5.151,14.615,-5.151,24.292,152.113,151.606,0.27,1.67,370.752,2005-03
NFLX,164.027,46.178,4.454,5.684,5.684,372.33,452.144,170.972,182.405,50.887,27.41,58.786,268.728,103.41,104.195,164.533,268.728,5.684,36.494,-67.719,32.542,-67.719,-31.225,164.533,164.406,0.28,1.63,373.984,2005-06
NFLX,172.74,57.091,5.52,6.946,6.946,375.851,462.084,181.886,191.918,53.892,30.415,55.5,278.302,98.755,99.63,178.672,278.302,6.946,32.503,-25.479,32.56,-25.479,7.024,178.672,178.203,0.33,1.56,377.734,2005-09
NFLX,193.0,71.844,2.798,38.211,38.211,380.807,471.016,212.256,243.691,72.623,40.213,23.288,364.681,137.587,138.429,226.252,364.681,38.211,59.067,-35.45,30.274,-35.45,23.617,226.252,168.763,0.37,1.61,383.29,2005-12
NFLX,224.126,75.861,4.782,4.404,4.404,386.491,465.192,227.765,255.32,72.498,40.088,23.097,392.945,154.233,155.145,237.8,392.945,4.404,45.99,-34.024,35.684,-34.024,11.966,237.8,163.36,0.34,1.65,388.572,2006-03
NFLX,239.351,88.772,23.488,17.037,17.037,408.681,484.225,341.702,370.09,131.049,98.639,42.964,512.712,145.327,146.358,366.354,512.712,17.037,53.299,-47.866,59.263,-47.866,5.433,366.354,365.335,0.37,1.4,475.557,2006-06
NFLX,255.95,97.157,17.055,12.781,12.781,476.567,492.415,368.741,395.094,75.574,43.164,19.329,550.594,162.482,163.591,387.003,550.594,12.781,61.462,75.013,57.399,75.013,136.475,387.003,293.996,0.38,1.42,477.079,2006-09
NFLX,277.233,107.885,18.688,14.86,14.86,479.43,492.954,400.43,428.418,100.846,55.503,19.95,608.779,193.447,194.568,414.211,608.779,14.86,87.111,-177.66,68.803,-177.66,-90.549,414.211,309.303,0.39,1.47,480.287,2006-12
NFLX,305.32,110.348,11.215,9.864,9.864,480.851,494.704,218.458,426.273,109.795,64.452,20.248,625.11,191.721,192.906,432.204,625.11,9.864,63.029,-80.928,65.2,-80.928,-17.899,432.204,318.067,0.36,1.45,481.334,2007-03
NFLX,303.693,107.0,38.273,25.494,25.494,476.217,489.237,184.182,410.57,112.698,67.355,20.473,612.3,167.033,168.219,444.081,612.3,25.406,65.329,-66.321,94.756,-66.321,-0.99200000000001,444.081,330.179,0.35,1.38,473.467,2007-06
NFLX,293.972,99.519,21.552,15.732,15.732,465.283,476.63,179.804,418.318,116.959,71.616,20.009,624.197,187.832,189.759,434.438,624.197,15.906,77.373,118.482,75.253,118.482,195.855,434.438,320.184,0.34,1.44,459.672,2007-09
NFLX,302.355,102.305,20.121,15.776,15.776,455.945,468.496,177.439,416.532,143.557,77.326,57.179,683.492,213.399,253.68,429.812,683.492,15.776,86.092,-10.413,80.938,-10.413,75.679,429.812,297.357,0.34,1.59,454.39,2007-12
NFLX,326.183,103.378,14.477,13.344,13.344,439.432,453.88,168.989,326.162,153.228,86.997,27.158,585.678,226.964,230.245,355.433,585.678,13.344,64.062,-12.431,78.631,-12.431,51.631,355.433,210.072,0.32,1.65,430.852,2008-03
NFLX,337.614,107.527,34.201,26.579,26.579,432.474,446.999,144.289,359.154,337.66,256.481,30.388,646.023,205.377,256.561,389.462,646.023,26.579,91.952,-135.96,99.717,-135.96,-44.008,389.462,389.462,0.32,1.66,433.374,2008-06
NFLX,341.269,116.773,34.074,20.371,20.371,422.856,435.904,111.524,301.375,218.291,128.541,30.525,582.999,207.889,258.166,324.833,582.999,20.371,35.923,112.072,89.895,112.072,147.995,324.833,202.275,0.34,1.79,413.84,2008-09
NFLX,359.595,126.749,37.921,22.732,22.732,412.237,422.59,139.881,358.925,223.786,124.948,33.004,615.424,216.017,268.269,347.155,615.424,22.732,92.1,-7.471,94.641,-7.471,84.629,347.155,248.608,0.35,1.77,412.037,2008-12
NFLX,394.098,134.83,35.374,22.363,22.363,411.138,424.963,115.131,364.88,231.441,123.817,139.981,628.678,226.713,282.366,346.312,628.678,22.363,65.633,-6.572,93.853,-6.572,59.061,346.312,346.312,0.34,1.82,409.465,2009-03
NFLX,408.509,139.266,52.782,32.443,32.443,405.104,417.62,87.471,342.564,120.346,120.346,28.767,591.993,211.186,267.622,324.371,591.993,32.443,75.302,-6.933,115.03,-6.933,68.369,324.371,224.055,0.34,1.83,401.91,2009-06
NFLX,423.12,147.846,49.337,30.141,30.141,393.022,405.566,55.717,234.962,122.119,122.119,30.511,492.131,203.522,259.929,232.202,492.131,30.141,78.311,-9.994,115.645,-9.994,68.317,232.202,127.663,0.35,2.12,382.499,2009-09
NFLX,444.542,169.056,48.789,30.913,30.913,374.584,387.681,134.224,411.013,265.947,131.653,137.068,679.734,227.436,480.591,199.143,679.734,30.913,105.817,-22.433,-100.202,-22.433,83.384,199.143,199.143,0.38,3.41,374.081,2009-12
NFLX,493.665,186.503,58.345,32.272,32.272,370.377,383.425,79.861,379.538,270.977,127.165,141.59,648.293,243.447,501.558,146.735,648.293,32.272,77.205,-6.393,131.496,-6.393,70.812,146.735,146.735,0.38,4.42,365.833,2010-03
NFLX,519.819,204.885,77.342,43.519,43.519,367.402,380.268,107.327,441.218,276.304,123.292,34.796,693.972,258.167,517.332,176.64,693.972,43.519,60.252,-5.671,151.794,-5.671,54.581,176.64,81.974,0.39,3.93,366.507,2010-06
NFLX,595.922,205.132,78.453,47.095,47.095,368.102,379.351,194.499,637.231,265.149,128.57,216.266,982.067,388.579,691.903,290.164,982.067,47.095,96.717,-14.431,183.721,-14.431,82.286,290.164,290.164,0.34,3.38,369.474,2010-12
NFLX,718.553,280.402,102.24,60.233,60.233,369.313,379.722,150.419,721.602,276.51,134.8,233.786,1090.188,490.318,814.466,275.722,1090.188,60.233,116.323,-16.32,224.993,-16.32,100.003,275.722,275.722,0.39,3.95,367.634,2011-03
NFLX,788.61,298.632,115.114,68.214,68.214,367.29,377.363,175.207,969.444,288.141,136.948,39.055,1570.693,726.709,1236.659,334.034,1570.693,68.214,86.392,-8.626,293.762,-8.626,77.766,334.034,-91.212,0.38,4.7,367.754,2011-06
NFLX,821.839,285.222,96.842,62.46,62.46,367.983,377.09,159.199,1190.113,305.345,143.993,57.242,1961.558,967.966,1573.206,388.352,1961.558,62.46,49.531,-14.08,319.201,-14.08,35.451,388.352,-181.858,0.35,5.05,367.529,2011-09
NFLX,875.575,300.42,61.872,35.219,35.219,375.137,388.164,508.053,1830.857,306.038,136.353,55.052,3069.196,1225.055,2426.386,642.81,3069.196,35.219,65.466,-10.656,377.731,-10.656,54.81,642.81,-404.124,0.34,4.77,387.79,2011-12
NFLX,869.791,245.858,-1.935,-4.584,-4.584,388.192,388.192,395.992,2058.741,306.284,128.197,1293.521,3480.459,1446.666,2817.057,663.402,3480.459,-4.584,19.109,-4.766,369.178,-4.766,14.343,663.402,663.402,0.28,5.25,388.609,2012-03
NFLX,889.163,245.735,16.154,6.164,6.164,388.682,411.663,402.251,2137.785,310.298,124.644,1215.861,3478.29,1498.844,2790.064,688.226,3478.29,6.164,19.407,-3.359,419.502,-3.359,16.048,688.226,688.226,0.28,5.05,388.74,2012-06
NFLX,905.089,242.451,16.135,7.675,7.675,388.787,411.103,370.298,2225.018,329.833,133.603,83.646,3808.833,1598.223,3091.993,716.84,3808.833,7.675,-2.925,-10.808,451.342,-10.808,-13.733,716.84,-649.726,0.27,5.31,388.819,2012-09
NFLX,945.239,223.18,19.638,7.897,7.897,388.92,413.903,290.291,2240.791,336.037,131.681,89.409999999999,3967.89,1675.926,3223.217,744.673,3967.89,7.897,-14.005,-21.345,512.053,-21.345,-35.35,744.673,-761.335,0.24,5.33,389.11,2012-12
NFLX,1023.961,287.009,31.822,2.689,2.689,391.804,421.022,418.051,2557.1,337.751,129.319,100.196,4363.289,1688.714,3550.37,812.919,4363.289,2.689,-12.25,-12.118,547.85,-12.118,-24.368,812.919,-763.755,0.28,5.37,393.008,2013-03
NFLX,1069.372,308.698,57.117,29.471,29.471,407.344,424.13,370.678,2570.322,347.704,127.931,100.296,4480.751,1670.264,3375.129,1105.622,4480.751,29.471,33.943,-8.088,597.102,-8.088,25.855,1105.622,-576.58,0.29,4.05,412.457,2013-06
NFLX,1105.999,307.099,57.12,31.822,31.822,413.756,426.93,439.056,2849.278,344.419,127.263,116.397,4901.325,1935.136,3696.955,1204.37,4901.325,31.822,34.693,-10.828,639.512,-10.828,23.865,1204.37,-604.017,0.28,4.07,414.805,2013-09
NFLX,1175.23,354.553,82.288,48.421,48.421,416.391,429.17,604.965,3058.763,357.196,133.605,129.124,5412.563,2154.203,4079.002,1333.561,5412.563,48.421,41.445,-23.109,685.563,-23.109,18.336,1333.561,-757.51,0.3,4.06,417.249,2013-12
NFLX,1270.089,400.903,97.595,53.115,53.115,418.719,430.836,1157.45,3586.784,368.104,133.473,148.375,6048.106,2263.653,4569.748,1478.358,6048.106,53.115,36.359,-13.334,726.833,-13.334,23.025,1478.358,-701.116,0.32,4.09,419.582,2014-03
NFLX,1340.407,425.559,129.6,71.018,71.018,419.974,431.441,1214.244,3668.38,386.805,141.715,166.931,6325.822,2335.124,4716.117,1609.705,6325.822,71.018,56.024,-19.869,798.537,-19.869,36.155,1609.705,-739.091,0.32,3.93,420.637,2014-06
NFLX,1409.432,455.038,110.407,59.295,59.295,421.194,432.742,1183.217,3823.482,396.554,144.147,178.818,6778.329,2548.655,5053.455,1724.874,6778.329,59.295,-37.439,-21.032,829.187,-21.032,-58.471,1724.874,-907.008,0.32,3.93,421.725,2014-09
NFLX,1484.728,470.396,65.046,83.371,83.371,422.26,432.527,1113.608,3927.053,414.691,149.875,192.246,7042.5,2663.154,5184.792,1857.708,7042.5,83.371,-38.461,-15.491,829.889,-15.491,-53.952,1857.708,-915.618,0.32,3.79,422.911,2014-12
NFLX,1573.129,526.728,97.456,23.696,23.696,423.624,433.809,2454.777,5539.056,423.055,145.816,243.401,9240.626,3008.849,7331.412,1909.214,9240.626,23.696,-127.382,-13.036,883.326,-13.036,-140.418,1909.214,-1403.139,0.33,4.84,424.345,2015-03
NFLX,1644.694,522.942,74.835,26.335,26.335,425.34,436.097,2293.872,5600.51,453.169,171.396,242.188,9654.861,3220.069,7622.786,2032.075,9654.861,26.335,-181.343,-27.538,933.829,-27.538,-208.881,2032.075,-1608.692,0.32,4.75,426.005,2015-06
NFLX,1738.355,564.397,73.641,29.432,29.432,426.869,437.606,2115.437,5569.713,472.305,181.268,273.496,9916.267,3341.418,7748.949,2167.318,9916.267,29.432,-195.969,-37.82,979.68,-37.82,-233.789,2167.318,-1724.472,0.32,4.58,427.388,2015-09
NFLX,1823.333,573.968,59.894,43.178,43.178,427.689,438.277,1809.33,5431.84,470.758,173.412,284.802,10202.871,3529.624,7979.445,2223.426,10202.871,43.178,-244.745,-12.854,1056.036,-12.854,-257.599,2223.426,-2089.391,0.31,4.59,427.94,2015-12
NFLX,1957.736,588.196,49.453,27.658,27.658,428.117,437.993,1605.244,5543.836,471.501,166.254,292.024,11262.274,3933.632,8945.041,2317.233,11262.274,27.658,-228.59,-8.425,1143.213,-8.425,-237.015,2317.233,-2942.927,0.3,4.86,428.289,2016-03
NFLX,2105.204,632.106,70.37,40.755,40.755,428.483,438.154,1390.925,5386.918,474.209,162.864,300.787,11593.507,4051.837,9177.673,2415.834,11593.507,40.755,-226.293,-10.814,1279.883,-10.814,-237.107,2415.834,-3327.104,0.3,4.8,428.725,2016-06
NFLX,2290.188,757.344,106.036,51.517,51.517,428.937,438.389,969.158,5193.893,505.958,191.876,283.895,12347.338,4411.405,9818.372,2528.966,12347.338,51.517,-461.941,-27.366,1363.838,-27.366,-489.307,2528.966,-4148.708,0.33,4.88,429.145,2016-09
NFLX,2477.541,595.561,153.934,66.748,66.748,429.746,440.068,1467.576,5720.291,544.604,250.395,341.423,13586.61,4586.657,10906.81,2679.8,13586.61,66.748,-557.16,-61.048,1517.837,-61.048,-618.208,2679.8,-4594.701,0.24,5.07,430.054,2016-12
NFLX,2636.635,979.611,256.942,178.222,178.222,430.6,445.458,1077.824,5660.33,566.683,275.083,394.571,14359.096,4911.229,11385.413,2973.683,14359.096,178.222,-343.856,-52.523,1596.272,-52.523,-396.379,2973.683,-5055.429,0.37,4.83,430.993,2017-03
NFLX,2785.464,883.156,127.807,65.6,65.6,431.396,446.262,1918.777,6700.785,615.881,309.831,428.133,16517.223,5122.945,13404.723,3112.5,16517.223,65.6,-534.528,-65.231,1713.663,-65.231,-599.759,3112.5,-5965.974,0.32,5.31,431.75,2017-06
NFLX,2984.859,991.879,208.627,129.59,129.59,432.404,447.362,1746.469,6385.348,644.222,322.421,504.067,16951.54,5310.677,13624.179,3327.361,16951.54,129.59,-419.607,-33.963,1868.601,-33.963,-453.57,3327.361,-6412.343,0.33,5.09,432.731,2017-09
NFLX,3285.755,805.067,245.303,185.517,185.517,433.121,448.155,2822.795,7669.974,641.218,319.404,652.309,19012.742,5466.312,15430.786,3581.956,19012.742,185.517,-487.957,-21.585,1929.871,-21.585,-509.542,3581.956,-6789.099,0.25,5.31,433.393,2017-12
NFLX,3700.856,1400.277,446.578,290.124,290.124,434.174,450.359,2593.666,7817.576,679.798,341.932,678.486,20152.797,6005.587,16132.067,4020.73,20152.797,290.124,-236.757,-37.17,2225.597,-37.17,-273.927,4020.73,-7294.073,0.38,5.01,434.657,2018-03
NFLX,3907.27,1504.839,462.213,384.349,384.349,435.097,451.552,3906.357,9346.889,689.942,349.646,674.932,22663.537,6079.641,18166.937,4496.6,22663.537,384.349,-518.239,-27.323,2310.92,-27.323,-545.562,4496.6,-7795.47,0.39,5.04,435.457,2018-06
NFLX,3999.374,1468.246,480.668,402.835,402.835,435.809,451.919,3067.534,8729.981,727.115,371.152,856.653,23366.229,6298.24,18356.576,5009.653,23366.229,402.835,-690.411,-39.333,2423.555,-39.333,-729.744,5009.653,-8398.79,0.37,4.66,436.085,2018-09
NFLX,4186.841,1453.441,215.767,133.934,133.934,436.397,451.127,3794.483,9694.135,786.8,418.281,910.843,25974.4,6487.32,20735.635,5238.765,25974.4,133.934,-1235.072,-70.12,2260.399,-70.12,-1305.192,5238.765,-9712.376,0.35,4.96,436.599,2018-12
NFLX,4520.992,1650.378,459.084,344.052,344.052,436.947,451.922,3348.557,4168.907,805.395,434.372,1726.568,27218.632,6857.807,21515.574,5703.058,27218.632,344.052,-379.799,-60.381,2607.331,-60.381,-440.18,5703.058,-15185.727,0.37,4.77,437.192,2019-03
NFLX,4923.116,1917.459,706.419,270.65,270.65,437.587,452.195,5004.247,5877.157,837.511,452.399,1896.043,30171.339,6933.984,24065.791,6105.548,30171.339,270.65,-543.754,-39.584,2963.83,-39.584,-583.338,6105.548,-15840.192,0.39,4.94,437.835,2019-06
NFLX,5244.905,2146.986,980.239,665.244,665.244,438.09,451.552,4435.018,5327.758,884.596,481.992,1896.967,30941.711,7257.9,24080.206,6861.505,30941.711,665.244,-501.794,-45.333,3286.92,-45.333,-547.127,6861.505,-16373.489,0.41,4.51,438.251,2019-09
NFLX,5467.434,2001.411,458.512,586.97,586.97,438.555,451.372,5018.437,6178.504,981.226,565.221,2727.42,33975.712,6855.696,26393.555,7582.157,33975.712,586.97,-1461.975,-107.737,3065.999,-107.737,-1569.712,7582.157,-16922.41,0.37,4.48,438.807,2019-12
NFLX,5767.691,2167.99,958.256,709.067,709.067,439.352,452.494,5151.884,6447.781,1087.011,650.455,2694.785,35059.91,7853.725,26650.616,8409.294,35059.91,709.067,259.912,-98.015,3470.158,-98.015,161.897,8409.294,-16857.595,0.38,4.17,439.781,2020-03
NFLX,6148.286,2504.579,1357.928,720.196,720.196,440.569,453.945,7153.248,8564.139,1212.147,751.941,2704.084,37175.281,7626.418,27840.528,9334.753,37175.281,720.196,1041.076,-141.741,3991.748,-141.741,899.335,9334.753,-15820.364,0.41,3.98,441.015,2020-06
NFLX,6435.637,2567.886,1314.863,789.976,789.976,441.526,455.088,8392.391,9826.48,1302.303,828.118,2900.312,38622.543,7939.795,28289.22,10333.323,38622.543,789.976,1263.761,-109.811,4077.195,-109.811,1153.95,10333.323,-14734.31,0.4,3.74,441.795,2020-09
NFLX,6644.442,2479.282,954.242,542.156,542.156,442.23,455.294,8205.55,9761.58,1454.973,960.183,3174.646,39280.359,7805.785,28215.119,11065.24,39280.359,542.156,-137.672,-148.356,3968.81,-148.356,-286.028,11065.24,-14318.71,0.37,3.55,442.895,2020-12
NFLX,7163.282,3294.771,1959.856,1706.715,1706.715,443.224,455.641,8403.705,10107.508,1535.963,1015.419,2956.096,40123.014,7961.77,27238.934,12884.08,40123.014,1706.715,777.266,-81.001,4714.793,-81.001,696.265,12884.08,-13159.911,0.46,3.11,443.384,2021-03
NFLX,7341.777,3323.769,1847.63,1353.013,1353.013,443.159,455.129,7777.53,9604.276,1660.402,1107.437,2967.616,40970.969,7832.888,27107.098,13863.871,40970.969,1353.013,-63.761,-110.278,4692.867,-110.278,-174.039,13863.871,-13427.769,0.45,2.96,442.596,2021-06
NFLX,7483.467,3276.878,1755.253,1449.071,1449.071,442.778,454.925,7526.681,9415.787,1813.485,1220.114,3129.911,42739.857,8049.246,27425.24,15314.617,42739.857,1449.071,82.379,-167.327,4788.557,-167.327,-84.948,15314.617,-13659.428,0.44,2.79,442.952,2021-09
NFLX,7709.318,2469.743,631.77,607.429,607.429,443.464,455.798,6027.804,8069.825,1939.759,1323.453,4271.846,44584.663,8488.966,28735.415,15849.248,44584.663,607.429,-403.274,-165.979,4437.071,-165.979,-569.253,15849.248,-15070.291,0.32,2.81,443.963,2021-12
NFLX,7867.767,3583.062,1971.626,1597.447,1597.447,444.146,452.984,6008.946,8098.015,2073.895,1383.763,4657.206,45330.904,7739.656,27786.865,17544.039,45330.904,1597.447,922.839,-121.158,5212.593,-121.158,801.681,17544.039,-13647.881,0.46,2.58,444.274,2022-03
NFLX,7970.141,3279.386,1578.283,1440.951,1440.951,444.557,450.169,5819.449,7840.778,2026.816,1361.92,4615.038,46350.935,7500.022,27274.961,19075.974,46350.935,1440.951,102.75,-90.018,4923.136,-90.018,12.732,19075.974,-13457.225,0.41,2.43,444.706,2022-06
NFLX,7925.589,3136.924,1533.018,1398.242,1398.242,444.878,450.344,6113.733,8816.903,2082.776,1372.754,4595.19,47562.187,7765.924,27034.046,20528.141,47562.187,1398.242,556.81,-84.96,5271.798,-84.96,471.85,20528.141,-12249.199,0.4,2.32,444.706,2022-09
MRNA,32.816,32.816,-153.031,-141.426,-144.099,328.799,328.799,658.364,1563.006,276.433,211.977,14.176,1962.149,222.803,431.908,1530.241,1962.149,-141.426,-91.02,-13.637,-145.681,-13.637,-104.657,1530.241,1530.241,1.0,1.28,328.799,2018-12
MRNA,14.115,14.115,-141.641,-132.576,-132.576,328.81,328.81,502.934,1140.827,285.195,213.46,14.261,1806.207,159.159,360.174,1446.033,1806.207,-132.576,-144.268,-7.595,-134.325,-7.595,-151.863,1446.033,1446.033,1.0,1.25,328.853,2019-03
MRNA,10.03,10.03,-143.709,-134.94,-134.94,329.176,329.176,151.624,1097.418,287.736,208.509,14.32,1685.279,161.987,346.725,1338.554,1685.279,-134.94,-108.585,-10.586,-136.232,-10.586,-119.171,1338.554,1338.554,1.0,1.26,329.958,2019-06
MRNA,13.338,13.338,-130.764,-123.215,-123.215,330.769,330.769,173.711,1094.466,290.089,203.688,12.885,1590.899,147.842,339.092,1251.807,1590.899,-123.215,-107.093,-6.711,-123.511,-6.711,-113.804,1251.807,1251.807,1.0,1.27,332.495,2019-09
MRNA,10.517,10.517,-129.886,-123.269,-123.269,335.223,335.223,235.876,1128.804,382.493,287.909,12.722,1589.422,143.115,414.612,1174.81,1589.422,-123.269,-99.054,-7.108,-120.932,-7.108,-106.162,1174.81,1174.81,1.0,1.35,336.537,2019-12
MRNA,4.0,4.0,-131.0,-124.0,-124.0,353.0,353.0,391.72,1249.936,404.387,302.599,12.527,2067.541,134.582,426.667,1640.874,2067.541,-124.0,-106.0,-6.0,-124.0,-6.0,-112.0,1640.837,1640.837,1.0,1.26,370.103,2020-03
MRNA,29.0,29.0,-122.0,-117.0,-117.0,381.0,381.0,1761.629,2796.744,425.845,321.985,12.360999999999,3486.006,161.647,539.121,2946.885,3486.006,-117.0,-24.0,-19.0,-114.0,-19.0,-43.0,2946.885,2946.885,1.0,1.18,393.277,2020-06
MRNA,12.0,12.0,-235.0,-233.0,-233.0,395.0,395.0,1505.581,3577.211,480.583,368.593,13.099999999999,4650.873,1473.561,1891.075,2759.798,4650.873,-233.0,893.0,-19.0,-226.0,-19.0,874.0,2759.798,2759.798,1.0,1.69,395.391,2020-09
MRNA,229.0,221.0,-275.0,-273.0,-273.0,396.0,396.0,2624.0,6298.0,507.0,387.0,13.0,7337.0,4389.0,4776.0,2561.0,7337.0,-273.0,1264.0,-24.0,-268.0,-24.0,1240.0,2561.0,2561.0,0.97,2.86,398.788,2020-12
MRNA,1743.0,1550.0,1266.0,1221.0,1221.0,400.0,430.0,5442.0,11703.0,596.0,461.0,62.0,12694.0,8441.0,8856.0,3838.0,12694.0,1221.0,2971.0,-35.0,1281.0,-35.0,2936.0,3838.0,3838.0,0.89,3.31,401.0,2021-03
MRNA,4215.0,3465.0,3062.0,2780.0,2780.0,402.0,431.0,5603.0,10969.0,1102.0,898.0,79.0,16153.0,8840.0,9449.0,6704.0,16153.0,2780.0,4063.0,-30.0,3131.0,-30.0,4033.0,6704.0,6704.0,0.82,2.41,403.0,2021-06
MRNA,4829.0,4107.0,3558.0,3333.0,3333.0,404.0,434.0,5550.0,13425.0,1234.0,960.0,96.0,20923.0,9957.0,10799.0,10124.0,20923.0,3333.0,3276.0,-99.0,3628.0,-99.0,3177.0,10124.0,10124.0,0.85,2.07,405.0,2021-09
MRNA,6949.0,5997.0,5410.0,4868.0,4868.0,406.0,431.0,6848.0,16071.0,1735.0,1383.0,372.0,24669.0,9128.0,10524.0,14145.0,24669.0,4868.0,3310.0,-120.0,5488.0,-120.0,3190.0,14145.0,14145.0,0.86,1.74,403.0,2021-12
MRNA,5940.0,4923.0,4227.0,3657.0,3657.0,402.0,426.0,5048.0,16350.0,1904.0,1473.0,615.0,27609.0,9238.0,10534.0,17075.0,27609.0,3657.0,2763.0,-132.0,4306.0,-132.0,2631.0,17075.0,17075.0,0.83,1.62,400.0,2022-03
MRNA,4566.0,3185.0,2447.0,2197.0,2197.0,396.0,419.0,2873.0,13563.0,1912.0,1446.0,872.0,26043.0,6812.0,8058.0,17985.0,26043.0,2197.0,304.0,-87.0,2523.0,-87.0,217.0,17985.0,17985.0,0.7,1.45,392.0,2022-06
MRNA,3220.0,2120.0,1166.0,1043.0,1043.0,390.0,412.0,3027.0,14297.0,2712.0,2132.0,972.0,26056.0,6807.0,8064.0,17992.0,26056.0,1043.0,252.0,-89.0,1279.0,-89.0,163.0,17992.0,17992.0,0.66,1.45,387.0,2022-09
TSLA,18.585,1.781,-22.925,-24.242,-24.242,2099.745,2099.745,69.627,100.559,36.265,23.535,6.33,130.424,57.489,383.947,-253.523,130.424,-24.242,-29.007,-6.199,-20.99,-6.199,-35.206,-253.523,-253.523,0.1,-0.51,1396.64,2009-12
TSLA,28.405,6.261,-31.362,-38.517,-38.517,114.652,114.652,47.304,90.034,50.367,33.156,24.784,147.974,68.634,457.749,-309.775,147.974,-38.517,-20.247,-9.815,-28.879,-9.815,-30.062,-309.775,-309.775,0.22,-0.48,1396.64,2010-06
TSLA,31.241,9.296,-37.834,-34.935,-34.935,1384.061,1384.061,96.563,241.133,62.185,42.896,77.592,361.621,69.328,141.698,219.923,361.621,-34.934,-45.957,-7.768,-34.725,-7.768,-53.725,219.923,219.923,0.3,1.64,1398.8,2010-09
TSLA,36.286,11.321,-51.645,-51.358,-51.358,1423.626,1423.626,99.558,235.886,144.592,122.599,27.597,386.082,85.565,179.034,207.048,386.082,-51.358,-34.284,-82.358,-48.755,-82.358,-116.642,207.048,207.048,0.31,1.86,1423.63,2010-12
TSLA,49.03,18.028,-47.346,-48.941,-48.941,1427.81,1427.81,100.655,226.906,177.331,152.513,27.87,407.289,112.976,239.551,167.738,407.289,-48.941,-43.297,-20.476,-43.829,-20.476,-63.773,167.738,167.738,0.37,2.43,1433.32,2011-03
TSLA,58.171,18.508,-58.739,-58.903,-58.903,1466.359,1466.359,319.38,417.758,224.799,200.18,28.217,646.155,138.736,297.703,348.452,646.155,-58.903,-22.488,-54.314,-54.421,-54.314,-76.802,348.452,348.452,0.32,1.85,1559.71,2011-06
TSLA,57.666,17.224,-64.477,-65.078,-65.078,1561.152,1561.152,213.328,412.121,288.173,259.794,28.335,700.25,154.181,406.132,294.118,700.25,-65.078,-21.491,-68.844,-60.197,-68.844,-90.335,294.118,294.118,0.3,2.38,1562.83,2011-09
TSLA,39.375,7.835,-80.927,-81.489,-81.489,1566.542,1566.542,255.266,372.838,342.393,310.171,15.931,713.448,191.339,489.403,224.045,713.448,-81.489,-40.758,-40.592,-76.123,-40.592,-81.35,224.045,209.537,0.2,3.18,1567.95,2011-12
TSLA,30.167,10.21,-88.763,-89.873,-89.873,1571.765,1571.765,218.57,358.897,411.232,376.174,26.029,761.1,235.722,607.226,153.874,761.1,-89.873,-63.3,-54.774,-84.6,-54.774,-118.074,153.874,153.874,0.34,4.95,1577.47,2012-03
TSLA,26.653,4.762,-106.175,-105.603,-105.603,1578.637,1578.637,210.554,317.126,472.023,433.642,26.101,776.869,286.526,714.654,62.215,776.869,-105.603,-64.264,-58.003,-101.827,-58.003,-122.267,62.215,62.215,0.18,12.49,1579.85,2012-06
TSLA,50.104,-8.761,-108.46,-110.804,-110.804,1583.342,1583.342,85.693,284.541,543.387,498.037,26.599,809.177,385.806,837.052,-27.875,809.177,-110.806,-101.026,-62.398,-100.938,-62.398,-163.424,-27.875,-27.875,-0.17,-29.03,1586.59,2012-09
TSLA,306.332,23.857,-90.883,-89.931,-89.931,1707.147,1707.147,201.89,524.768,619.843,562.3,12.855,1114.19,539.108,989.49,124.7,1114.19,-89.931,-35.225,-64.053,-78.091,-64.053,-99.278,124.7,110.433,0.08,8.93,1713.21,2012-12
TSLA,561.792,96.32,-5.584,11.248,11.248,1720.678,1863.979,214.417,525.993,665.99,591.057,12.578,1143.778,535.623,975.195,168.583,1143.778,11.248,64.079,-57.727,12.266,-57.727,6.352,168.583,154.433,0.17,6.78,1727.42,2013-03
TSLA,405.139,100.483,-11.792,-30.502,-30.502,1772.904,1772.904,746.057,1129.542,822.012,727.047,17.226,1887.844,486.545,1258.418,629.426,1887.844,-30.502,-35.298,-40.515,10.406,-40.515,-75.813,629.426,615.397,0.25,3.0,1821.44,2013-06
TSLA,431.346,102.868,-30.554,-38.496,-38.496,1827.937,1827.937,795.116,1218.766,1039.688,923.306,10.3,2166.209,1169.459,1602.044,564.165,2166.209,-38.496,102.036,-76.548,-2.104,-76.548,25.488,564.165,550.328,0.24,3.84,1838.49,2013-09
TSLA,615.219,156.589,-13.353,-16.264,-16.264,1842.561,1842.561,845.889,1265.939,1261.061,1120.919,30.072,2416.93,675.16,1749.81,667.12,2416.93,-16.264,133.987,-89.434,24.232,-89.434,44.553,667.12,667.12,0.25,3.62,1846.36,2013-12
TSLA,620.542,155.128,-43.967,-49.8,-49.8,1852.092,1852.092,2393.908,3156.047,1470.453,1301.118,29.583,4500.41,1413.47,3588.354,912.056,4500.41,-49.8,58.723,-141.364,0.301,-141.364,-82.641,912.056,898.394,0.25,4.93,1860.61,2014-03
TSLA,769.349,212.995,-28.753,-61.9,-61.9,1863.756,1863.756,2674.91,3441.694,1771.738,1567.048,32.179999999999,5054.463,1575.85,4102.13,952.333,5054.463,-61.902,-1.662,-175.685,25.962,-175.685,-177.347,952.333,938.792,0.28,5.31,1868.82,2014-06
TSLA,851.804,251.851,-39.129,-74.708,-74.708,1873.665,1873.665,2370.735,3362.914,2265.516,2022.069,39.13,5437.533,1839.777,4479.439,958.094,5437.533,-74.709,-27.996,-284.175,25.843,-284.175,-312.171,958.094,944.674,0.3,5.68,1880.49,2014-09
TSLA,956.661,261.697,-74.838,-107.629,-107.629,1882.575,1882.575,1905.713,3180.073,2888.601,2596.011,54.583000000001,5830.667,2107.166,4918.957,911.71,5830.667,-107.629,-86.402,-368.661,-6.862,-368.661,-455.063,911.71,911.71,0.27,6.4,1885.31,2014-12
TSLA,939.88,260.073,-102.446,-154.181,-154.181,1889.205,1889.205,1510.076,2921.417,3478.638,3136.252,62.361,6120.03,2192.381,5294.033,825.997,6120.03,-154.181,-131.794,-426.06,-25.334,-426.06,-557.854,825.997,825.997,0.28,7.41,1895.43,2015-03
TSLA,954.976,213.37,-170.188,-184.227,-184.227,1900.335,1900.335,1150.673,2628.621,4170.132,3766.263,73.301,6468.185,2384.388,5752.251,715.934,6468.185,-184.227,-159.516,-405.165,-78.799,-405.165,-564.681,715.934,715.934,0.22,9.03,1906.51,2015-06
TSLA,936.789,231.496,-183.662,-229.858,-229.858,1935.09,1935.09,1426.036,2998.795,4937.305,4464.536,84.166,7547.497,2553.771,6232.841,1314.656,7547.497,-229.858,-203.34,-392.403,-73.296,-392.403,-595.743,1314.656,1314.656,0.25,5.74,1963.52,2015-09
TSLA,1214.38,218.564,-260.333,-320.397,-320.397,1966.995,1966.995,1196.908,2782.006,5765.863,5194.737,78.38,8067.939,2811.035,6984.235,1083.704,8067.939,-320.397,-29.849,-411.222,-116.61,-411.222,-441.071,1083.704,1070.888,0.18,7.44,1971.38,2015-12
TSLA,1147.048,252.468,-248.224,-282.267,-282.267,1990.14,1990.14,1441.789,3239.543,6510.313,5837.224,114.935,9191.702,3187.699,8221.337,970.365,9191.702,-282.267,-249.605,-216.859,-91.764,-216.859,-466.464,970.365,970.365,0.22,9.47,2007.87,2016-03
TSLA,1270.017,274.776,-238.04,-293.188,-293.188,2099.745,2099.745,3246.301,5203.705,7310.962,6526.976,138.271,11868.952,3766.404,9348.658,2520.294,11868.952,-293.188,150.336,-294.72,-54.808,-294.72,-144.384,2520.294,2520.294,0.22,4.71,2220.23,2016-06
TSLA,2298.436,636.735,85.622,21.878,21.878,2234.865,2354.025,3084.257,5172.412,8170.451,7258.345,161.64,12592.397,4082.39,9911.909,2680.488,12592.397,21.878,423.649,-247.611,366.09,-247.611,176.038,2680.488,2680.488,0.28,4.7,2247.38,2016-09
TSLA,2284.631,435.278,-266.698,-121.337,-121.337,2326.575,2326.575,3393.216,6259.796,16054.559,15036.917,991.218,22664.076,5827.005,16758.951,5905.125,22664.076,-219.469,-448.209,-681.281,60.241,-681.281,-1129.49,5905.125,5528.98,0.19,3.84,2423.42,2016-12
TSLA,2696.27,667.946,-257.549,-330.277,-330.277,2431.935,2431.935,4006.593,7027.889,17787.289,16555.136,1041.109,25053.726,6245.439,18892.636,6161.09,25053.726,-397.181,-69.811,-772.572,119.053,-772.572,-842.383,6161.09,5731.498,0.25,4.07,2462.46,2017-03
TSLA,2789.557,666.615,-240.916,-336.397,-336.397,2478.18,2478.18,3035.924,6359.444,19672.101,18218.554,1041.094,26043.705,6546.355,19461.59,6582.115,26043.705,-401.427,-200.172,-1157.912,148.255,-1157.912,-1358.084,6582.115,6157.502,0.24,3.96,2502.95,2017-06
TSLA,2984.675,449.14,-535.48,-619.376,-619.376,2509.41,2509.41,3530.03,7068.733,21220.728,19516.596,1104.271,28107.074,6468.94,21929.414,6177.66,28107.074,-671.163,-300.562,-1244.727,-134.856,-1244.727,-1545.289,6177.66,5760.186,0.15,4.55,2520.25,2017-09
TSLA,3288.498,439.299,-598.055,-675.95,-675.95,2539.635,2539.635,3367.914,6570.52,22435.52,20491.616,1171.497,28655.372,7674.67,23023.05,5632.322,28655.372,-771.229,509.545,-905.789,-128.452,-905.789,-396.244,5632.322,5210.583,0.13,5.09,2531.96,2017-12
TSLA,3408.751,456.526,-596.974,-709.551,-709.551,2537.19,2537.19,2665.673,6383.92,21457.645,19180.724,1299.073,27271.429,8650.359,21551.023,5720.406,27271.429,-784.627,-398.376,-728.637,-180.741,-728.637,-1127.013,5720.406,5312.694,0.13,4.77,2546.25,2018-03
TSLA,4002.231,618.93,-517.958,-717.539,-717.539,2549.955,2549.955,2236.424,6699.797,22129.591,19591.426,1254.087,27910.0,9141.362,22642.887,5267.113,27910.0,-742.706,-129.664,-677.213,-32.703,-677.213,-806.877,5267.113,4902.423,0.15,5.3,2557.74,2018-06
TSLA,6824.0,1524.0,443.0,311.0,311.0,2565.0,2670.0,2967.504,7920.491,22627.348,19733.969,1251.551,29262.713,9775.324,23409.144,5853.569,29262.713,254.333,1391.04,-559.15,945.512,-559.15,831.89,5853.569,5496.867,0.22,5.0,2573.67,2018-09
TSLA,7226.0,1443.0,419.0,140.0,140.0,2586.0,2586.0,3686.0,8307.0,30148.0,19691.0,1392.0,29740.0,9993.0,23427.0,6313.0,29740.0,210.0,1235.0,-354.0,916.0,-354.0,881.0,6313.0,5963.0,0.2,4.71,2589.04,2018-12
TSLA,4541.0,566.0,-478.0,-702.0,-702.0,2595.0,2595.0,2198.169,7677.822,22787.24,19318.095,1568.727,28912.524,9242.8,22874.618,6037.906,28912.524,-668.0,-640.0,-305.0,-10.0,-305.0,-945.0,6037.906,5690.026,0.12,4.79,2605.23,2019-03
TSLA,6350.0,921.0,-50.0,-408.0,-408.0,2655.0,2655.0,4954.74,10181.952,23457.295,19600.979,1608.833,31872.597,9588.773,24722.136,7150.461,31872.597,-389.0,864.0,-268.0,529.0,-268.0,596.0,7150.461,6669.628,0.15,4.46,2686.77,2019-06
TSLA,6303.0,1191.0,261.0,143.0,143.0,2691.0,2766.0,5338.0,10940.0,24039.0,19845.0,1473.0,32795.0,10146.0,25313.0,7482.0,32795.0,150.0,756.0,-410.0,791.0,-410.0,346.0,7482.0,6945.0,0.19,4.38,2700.0,2019-09
TSLA,7384.0,1391.0,347.0,105.0,105.0,2706.0,2706.0,6268.0,12103.0,24656.0,20199.0,1470.0,34309.0,10667.0,26199.0,8110.0,34309.0,132.0,1425.0,-449.0,924.0,-449.0,976.0,8110.0,7573.0,0.19,4.23,2715.93,2019-12
TSLA,5985.0,1234.0,283.0,16.0,16.0,2745.0,2982.0,8080.0,14893.0,25321.0,20468.0,1373.0,37250.0,11986.0,26578.0,10672.0,37250.0,68.0,-440.0,-481.0,836.0,-481.0,-921.0,10672.0,10156.0,0.21,3.49,2775.0,2020-03
TSLA,6036.0,1267.0,327.0,104.0,104.0,2784.0,3108.0,8615.0,15336.0,26145.0,20876.0,1415.0,38135.0,12270.0,26798.0,11337.0,38135.0,129.0,964.0,-566.0,894.0,-566.0,398.0,11337.0,10829.0,0.21,3.36,2794.79,2020-06
TSLA,8771.0,2063.0,809.0,300.0,300.0,2811.0,3315.0,14531.0,21744.0,27701.0,21990.0,1436.0,45691.0,13302.0,28191.0,17500.0,45691.0,369.0,2400.0,-1021.0,1393.0,-1021.0,1379.0,17500.0,16979.0,0.24,2.61,2843.56,2020-09
TSLA,10744.0,2066.0,575.0,301.0,301.0,2853.0,3465.0,19384.0,26717.0,29447.0,23375.0,1536.0,52148.0,14248.0,28469.0,23679.0,52148.0,296.0,3019.0,-1164.0,1193.0,-1164.0,1855.0,23679.0,23159.0,0.19,2.2,2880.0,2020-12
TSLA,10389.0,2215.0,493.0,438.0,438.0,2883.0,3399.0,17141.0,24705.0,30233.0,24844.0,1587.0,52972.0,14877.0,28507.0,24465.0,52972.0,464.0,1641.0,-1360.0,1114.0,-1360.0,281.0,24465.0,23960.0,0.21,2.17,2889.0,2021-03
TSLA,11958.0,2884.0,1335.0,1142.0,1142.0,2913.0,3357.0,16229.0,24693.0,32854.0,27030.0,1626.0,55146.0,16371.0,28896.0,26250.0,55146.0,1178.0,2124.0,-1515.0,2016.0,-1515.0,609.0,26250.0,25764.0,0.24,2.1,2952.0,2021-06
TSLA,13757.0,3660.0,2055.0,1618.0,1618.0,2993.0,3369.0,16065.0,25002.0,35480.0,29248.0,1854.0,57834.0,18051.0,29340.0,28494.0,57834.0,1659.0,3147.0,-1825.0,2816.0,-1825.0,1322.0,28494.0,28024.0,0.27,2.03,3012.0,2021-09
TSLA,17719.0,4847.0,2613.0,2321.0,2321.0,3039.0,3375.0,17576.0,27100.0,39094.0,31176.0,2138.0,62131.0,19705.0,30548.0,31583.0,62131.0,2343.0,4585.0,-1814.0,3461.0,-1814.0,2771.0,31583.0,29866.0,0.27,1.97,3099.0,2021-12
TSLA,18756.0,5460.0,3603.0,3318.0,3318.0,3102.0,3471.0,17505.0,29050.0,39905.0,32639.0,2634.0,66038.0,21455.0,30632.0,35406.0,66038.0,3280.0,3995.0,-1772.0,4483.0,-1772.0,2223.0,35406.0,33691.0,0.29,1.87,3108.0,2022-03
TSLA,16934.0,4234.0,2606.0,2259.0,2259.0,3111.0,3465.0,18324.0,31222.0,41471.0,33684.0,2952.0,68513.0,21821.0,30855.0,37658.0,68513.0,2269.0,2351.0,-1730.0,3528.0,-1730.0,621.0,37658.0,37003.0,0.25,1.82,3123.0,2022-06
TSLA,21454.0,5382.0,3688.0,3292.0,3292.0,3146.0,3468.0,19532.0,35990.0,42884.0,34563.0,3236.0,74426.0,24611.0,33302.0,41124.0,74426.0,3331.0,5100.0,-1803.0,4644.0,-1803.0,3297.0,41124.0,40487.0,0.25,1.81,3158.0,2022-09
RIVN,54.0,-383.0,-2454.0,-2461.0,-2461.0,900.0,900.0,18133.0,18559.0,3644.0,3411.0,324.0,22294.0,1313.0,2780.0,19514.0,22294.0,-2461.0,-1086.0,-456.0,-2341.0,-456.0,-1542.0,19514.0,19514.0,-7.09,1.14,900.0,2021-12
RIVN,95.0,-502.0,-1579.0,-1593.0,-1593.0,901.0,901.0,16432.0,17046.0,4038.0,3666.0,585.0,21297.0,1524.0,3037.0,18260.0,21297.0,-1593.0,-1034.0,-418.0,-1461.0,-418.0,-1452.0,18260.0,18260.0,-5.28,1.17,901.0,2022-03
RIVN,364.0,-704.0,-1708.0,-1712.0,-1712.0,908.0,908.0,14923.0,15732.0,4335.0,3812.0,627.0,20171.0,1753.0,3303.0,16868.0,20171.0,-1712.0,-1204.0,-359.0,-1547.0,-359.0,-1563.0,16868.0,16868.0,-1.93,1.2,916.0,2022-06
RIVN,536.0,-917.0,-1774.0,-1724.0,-1724.0,918.0,918.0,13272.0,14424.0,4647.0,3959.0,640.0,19023.0,2109.0,3686.0,15337.0,19023.0,-1724.0,-1368.0,-298.0,-1600.0,-298.0,-1666.0,15337.0,15337.0,-1.71,1.24,916.191,2022-09
META,1184.0,817.0,-743.0,-157.0,-157.0,1879.0,1879.0,2098.0,11967.0,2734.0,2105.0,47.0,14928.0,1034.0,1619.0,13309.0,14928.0,-157.0,240.0,-413.0,-604.0,-413.0,-173.0,13309.0,12500.0,0.69,1.12,2142.0,2012-06
META,1262.0,940.0,377.0,-59.0,-59.0,2420.0,2420.0,2478.0,12285.0,3023.0,2289.0,41.0,16038.0,1080.0,1864.0,14174.0,16038.0,-59.0,250.0,-171.0,553.0,-171.0,79.0,14174.0,12751.0,0.74,1.13,2166.0,2012-09
META,1585.0,1188.0,523.0,64.0,64.0,2372.0,3012.0,2384.0,11267.0,3273.0,2391.0,57.0,15103.0,1052.0,3348.0,11755.0,15103.0,64.0,681.0,-198.0,747.0,-198.0,483.0,11755.0,10367.0,0.75,1.28,2372.0,2012-12
META,1458.0,1045.0,373.0,219.0,219.0,2386.0,2499.0,2325.0,11042.0,3535.0,2533.0,87.0,15163.0,1063.0,3339.0,11824.0,15163.0,219.0,719.0,-327.0,606.0,-327.0,392.0,11824.0,10323.0,0.72,1.28,2411.0,2013-03
META,1813.0,1348.0,562.0,333.0,333.0,2407.0,2502.0,3001.0,11421.0,3591.0,2577.0,95.0,15724.0,1080.0,3375.0,12349.0,15724.0,333.0,1322.0,-268.0,792.0,-268.0,1054.0,12349.0,10718.0,0.74,1.27,2431.0,2013-06
META,2016.0,1509.0,736.0,425.0,425.0,2430.0,2528.0,3100.0,10549.0,3821.0,2685.0,90.0,14933.0,984.0,1885.0,13048.0,14933.0,425.0,950.0,-284.0,1010.0,-284.0,666.0,13048.0,11439.0,0.75,1.14,2453.0,2013-09
META,2586.0,2095.0,1132.0,523.0,523.0,2456.0,2556.0,3323.0,13070.0,4142.0,2882.0,221.0,17895.0,1100.0,2425.0,15470.0,17895.0,523.0,1231.0,-483.0,1406.0,-483.0,748.0,15470.0,13748.0,0.81,1.16,2547.0,2013-12
META,2502.0,2040.0,1075.0,642.0,642.0,2545.0,2609.0,2998.0,14060.0,4370.0,3074.0,212.0,19028.0,1037.0,2291.0,16737.0,19028.0,642.0,1285.0,-363.0,1339.0,-363.0,922.0,16737.0,15055.0,0.82,1.14,2564.0,2014-03
META,2910.0,2437.0,1390.0,791.0,791.0,2560.0,2615.0,4384.0,15557.0,4794.0,3334.0,206.0,20769.0,1214.0,2423.0,18346.0,20769.0,791.0,1341.0,-469.0,1647.0,-469.0,872.0,18346.0,16674.0,0.84,1.13,2575.0,2014-06
META,3203.0,2638.0,1397.0,806.0,806.0,2587.0,2644.0,8999.0,16115.0,5319.0,3703.0,441.0,24188.0,1234.0,2950.0,21238.0,24188.0,806.0,1248.0,-482.0,1686.0,-482.0,766.0,21238.0,17309.0,0.82,1.14,2608.0,2014-09
META,3851.0,3199.0,1133.0,701.0,701.0,2761.0,2808.0,4315.0,13390.0,5784.0,3967.0,699.0,39966.0,1424.0,3870.0,36096.0,39966.0,701.0,3452.0,-517.0,1566.0,-517.0,2935.0,36096.0,14186.0,0.83,1.11,2778.0,2014-12
META,3543.0,2889.0,933.0,512.0,512.0,2784.0,2836.0,3419.0,15004.0,6574.0,4619.0,605.0,42007.0,1746.0,4506.0,37501.0,42007.0,512.0,1700.0,-502.0,1390.0,-502.0,1198.0,37501.0,15722.0,0.82,1.12,2806.0,2015-03
META,4042.0,3374.0,1273.0,719.0,719.0,2796.0,2850.0,5123.0,16951.0,6916.0,4955.0,594.0,44130.0,1881.0,4678.0,39452.0,44130.0,719.0,1880.0,-549.0,1732.0,-549.0,1331.0,39452.0,17822.0,0.83,1.12,2800.0,2015-06
META,4501.0,3781.0,1459.0,896.0,896.0,2808.0,2863.0,4308.0,19139.0,7370.0,5335.0,534.0,46469.0,1792.0,5049.0,41420.0,46469.0,896.0,2192.0,-780.0,1945.0,-780.0,1412.0,41420.0,19959.0,0.84,1.12,2814.0,2015-09
META,5841.0,5017.0,2560.0,1561.0,1561.0,2824.0,2868.0,4907.0,21652.0,7819.0,5687.0,796.0,49407.0,1925.0,5189.0,44218.0,49407.0,1561.0,4548.0,-692.0,3103.0,-692.0,3856.0,44218.0,22946.0,0.86,1.12,2834.0,2015-12
META,5382.0,4544.0,2010.0,1738.0,1738.0,2843.0,2905.0,6456.0,23812.0,8813.0,6467.0,700.0,52075.0,1809.0,4925.0,47150.0,52075.0,1738.0,3477.0,-1132.0,2562.0,-1132.0,2345.0,47150.0,26054.0,0.84,1.1,2850.0,2016-03
META,6436.0,5519.0,2734.0,2283.0,2283.0,2856.0,2921.0,5108.0,27010.0,9756.0,7104.0,703.0,55739.0,2211.0,5356.0,50383.0,55739.0,2283.0,3665.0,-995.0,3319.0,-995.0,2670.0,50383.0,29461.0,0.86,1.11,2862.0,2016-06
META,7011.0,6024.0,3117.0,2627.0,2627.0,2871.0,2931.0,6038.0,30328.0,10778.0,7899.0,660.0,59674.0,2595.0,5559.0,54115.0,59674.0,2627.0,4036.0,-1095.0,3708.0,-1095.0,2941.0,54115.0,33328.0,0.86,1.1,2877.0,2016-09
META,8809.0,7762.0,4567.0,3569.0,3569.0,2881.0,2946.0,8903.0,34401.0,11803.0,8591.0,1312.0,64961.0,2875.0,5767.0,59194.0,64961.0,3569.0,4930.0,-1269.0,5181.0,-1269.0,3661.0,59194.0,38537.0,0.88,1.1,2892.0,2016-12
META,8032.0,6873.0,3327.0,3064.0,3064.0,2891.0,2944.0,7104.0,36930.0,13032.0,9462.0,1836.0,68714.0,2928.0,6526.0,62188.0,68714.0,3064.0,5058.0,-1271.0,3998.0,-1271.0,3787.0,62188.0,41702.0,0.86,1.1,2893.0,2017-03
META,9321.0,8084.0,4401.0,3894.0,3894.0,2900.0,2951.0,6252.0,40804.0,14668.0,10628.0,2096.0,73843.0,3315.0,7362.0,66481.0,73843.0,3895.0,5360.0,-1444.0,5130.0,-1444.0,3916.0,66481.0,46166.0,0.87,1.11,2900.0,2017-06
META,10328.0,8880.0,5122.0,4707.0,4707.0,2904.0,2956.0,7201.0,44203.0,16446.0,12158.0,2374.0,78998.0,3305.0,7790.0,71208.0,78998.0,4706.0,6127.0,-1755.0,5894.0,-1755.0,4372.0,71208.0,50945.0,0.86,1.11,2906.0,2017-09
META,12972.0,11361.0,7352.0,4269.0,4269.0,2910.0,2962.0,8079.0,48563.0,18337.0,13721.0,2135.0,84524.0,3760.0,10177.0,74347.0,84524.0,4269.0,7671.0,-2263.0,8205.0,-2263.0,5408.0,74347.0,54242.0,0.88,1.14,2906.0,2017-12
META,11966.0,10039.0,5449.0,4988.0,4988.0,2906.0,2945.0,12082.0,50412.0,21292.0,16211.0,2319.0,88945.0,5086.0,11325.0,77620.0,88945.0,4988.0,7860.0,-2812.0,6398.0,-2812.0,5048.0,77620.0,57617.0,0.84,1.15,2902.0,2018-03
META,13231.0,11017.0,5863.0,5106.0,5106.0,2895.0,2930.0,11552.0,49833.0,23918.0,18357.0,2265.0,90291.0,4670.0,10909.0,79382.0,90291.0,5105.0,6298.0,-3460.0,6897.0,-3460.0,2838.0,79382.0,59546.0,0.83,1.14,2891.0,2018-06
META,13727.0,11309.0,5781.0,5137.0,5137.0,2885.0,2913.0,9637.0,49147.0,27196.0,21112.0,2438.0,92452.0,5462.0,12110.0,80342.0,92452.0,5137.0,7498.0,-3342.0,6888.0,-3342.0,4156.0,80342.0,60587.0,0.82,1.15,2873.0,2018-09
META,16914.0,14118.0,7820.0,6882.0,6882.0,2875.0,2891.0,10019.0,50480.0,31573.0,24683.0,2576.0,97334.0,7017.0,13207.0,84127.0,97334.0,6882.0,7618.0,-4301.0,9045.0,-4301.0,3317.0,84127.0,64532.0,0.83,1.16,2854.0,2018-12
META,15077.0,12261.0,3317.0,2429.0,2429.0,2856.0,2869.0,11076.0,53300.0,41749.0,34092.0,2602.0,109477.0,9908.0,22961.0,86516.0,109477.0,2429.0,9308.0,-3837.0,4672.0,-3837.0,5471.0,86516.0,67033.0,0.81,1.27,2856.0,2019-03
META,16886.0,13579.0,4626.0,2616.0,2616.0,2855.0,2875.0,13877.0,57961.0,46023.0,37271.0,2446.0,117006.0,12979.0,28244.0,88762.0,117006.0,2616.0,8616.0,-3633.0,6128.0,-3633.0,4983.0,88762.0,69434.0,0.8,1.32,2854.0,2019-06
META,17652.0,14497.0,7185.0,6091.0,6091.0,2854.0,2874.0,15979.0,62079.0,50333.0,40687.0,2461.0,124418.0,13328.0,30419.0,93999.0,124418.0,6091.0,9307.0,-3532.0,8601.0,-3532.0,5775.0,93999.0,74808.0,0.82,1.32,2854.0,2019-09
META,21082.0,17591.0,8858.0,7349.0,7349.0,2851.0,2879.0,19079.0,66225.0,55446.0,44783.0,2673.0,133376.0,15053.0,32322.0,101054.0,133376.0,7349.0,9083.0,-4100.0,10326.0,-4100.0,4983.0,101054.0,81445.0,0.83,1.32,2852.0,2019-12
META,17737.0,14278.0,5893.0,4902.0,4902.0,2851.0,2868.0,23618.0,69349.0,58098.0,46486.0,2887.0,138371.0,15069.0,33067.0,105304.0,138371.0,4902.0,11001.0,-3558.0,7490.0,-3558.0,7443.0,105304.0,85655.0,0.8,1.31,2851.0,2020-03
META,18687.0,14858.0,5963.0,5178.0,5178.0,2850.0,2879.0,21045.0,68130.0,61517.0,48435.0,3238.0,139691.0,11308.0,29244.0,110447.0,139691.0,5179.0,3877.0,-3255.0,7667.0,-3255.0,622.0,110447.0,90559.0,0.8,1.26,2850.0,2020-06
META,21470.0,17276.0,8040.0,7846.0,7846.0,2850.0,2891.0,11617.0,65799.0,65867.0,51730.0,2969.0,146437.0,11944.0,28706.0,117731.0,146437.0,7846.0,9829.0,-3689.0,9738.0,-3689.0,6140.0,117731.0,97956.0,0.8,1.24,2850.0,2020-09
META,28072.0,22862.0,12775.0,11219.0,11219.0,2854.0,2903.0,17576.0,75670.0,70399.0,54981.0,2758.0,159316.0,14981.0,31026.0,128290.0,159316.0,11219.0,14040.0,-4613.0,14638.0,-4613.0,9427.0,128290.0,108617.0,0.81,1.24,2849.0,2020-12
META,26171.0,21040.0,11378.0,9497.0,9497.0,2847.0,2882.0,19513.0,77322.0,74412.0,57922.0,2376.0,163523.0,12717.0,29866.0,133657.0,163523.0,9497.0,12242.0,-4272.0,13350.0,-4272.0,7970.0,133657.0,114096.0,0.8,1.22,2841.0,2021-03
META,29077.0,23678.0,12367.0,10394.0,10394.0,2834.0,2877.0,16186.0,80697.0,79169.0,61434.0,2352.0,170609.0,14874.0,32382.0,138227.0,170609.0,10395.0,13247.0,-4612.0,14353.0,-4612.0,8635.0,138227.0,118494.0,0.81,1.23,2826.0,2021-06
META,29010.0,23239.0,10423.0,9194.0,9194.0,2814.0,2859.0,14496.0,75421.0,83438.0,64789.0,3187.0,169585.0,17812.0,36225.0,133360.0,169585.0,9193.0,14090.0,-4314.0,12418.0,-4314.0,9776.0,133360.0,113930.0,0.8,1.27,2793.0,2021-09
META,33671.0,27323.0,12585.0,10285.0,10285.0,2764.0,2808.0,16601.0,66666.0,90044.0,69964.0,2751.0,165987.0,21135.0,41108.0,124879.0,165987.0,10285.0,18104.0,-5277.0,14599.0,-5277.0,12827.0,124879.0,105048.0,0.81,1.33,2741.0,2021-12
META,27908.0,21903.0,8524.0,7465.0,7465.0,2725.0,2742.0,14886.0,59265.0,95276.0,73823.0,3522.0,164218.0,21086.0,40990.0,123228.0,164218.0,7465.0,14076.0,-5315.0,10680.0,-5315.0,8761.0,123228.0,102395.0,0.78,1.33,2714.0,2022-03
META,28822.0,23630.0,8358.0,6687.0,6687.0,2704.0,2713.0,12681.0,55987.0,104152.0,81718.0,4344.0,169779.0,22217.0,44012.0,125767.0,169779.0,6687.0,12196.0,-7528.0,10337.0,-7528.0,4668.0,125767.0,104573.0,0.82,1.35,2697.0,2022-06
META,27714.0,21998.0,5664.0,4395.0,4395.0,2682.0,2687.0,14308.0,58315.0,110772.0,87379.0,5529.0,178894.0,22687.0,54800.0,124094.0,178894.0,4395.0,9692.0,-9355.0,7839.0,-9355.0,337.0,124094.0,102951.0,0.79,1.44,2687.55,2022-09
LCID,0.232,-3.088,-497.05,-524.403,-524.403,1217.032,1217.032,4796.88,4986.801,1159.418,1109.683,42.7,6139.184,269.408,1294.026,4845.158,6139.184,-524.403,-291.597,-92.78,-482.167,-92.78,-384.377,4845.158,4845.158,-13.31,1.27,1641.64,2021-09
LCID,26.392,-125.081,-485.684,-1045.68,-1045.68,1647.556,1647.556,6262.905,6506.977,1430.14,1344.127,30.609,7881.713,396.101,3972.358,3909.355,7881.713,-1045.68,-312.732,-121.907,-449.398,-121.907,-434.639,3909.355,3909.355,-4.74,2.02,1647.56,2021-12
LCID,57.675,-188.295,-597.53,-81.286,-81.286,1654.322,1654.322,5391.844,5864.431,1618.3,1494.169,43.240000000001,7401.84,511.94,3572.371,3829.469,7401.84,-81.286,-494.649,-185.082,-559.288,-185.082,-679.731,3829.469,3829.469,-3.26,1.93,1666.74,2022-03
LCID,97.336,-195.006,-559.199,-220.425,-220.425,1669.304,1669.304,3157.449,4966.489,1980.145,1813.642,71.233,7129.419,654.096,3419.033,3710.386,7129.419,-220.425,-513.628,-309.818,-516.751,-309.818,-823.446,3710.386,3710.386,-2.0,1.92,1672.54,2022-06
LCID,195.457,-297.026,-687.523,-530.101,-530.101,1676.049,1690.964,1264.136,4156.428,2383.564,2166.154,51.494000000001,6887.811,825.124,3656.564,3231.247,6887.811,-530.101,-569.466,-290.064,-636.87,-290.064,-859.53,3231.247,3231.247,-1.52,2.13,1680.15,2022-09
GOOG,1256.516,709.735,442.77,369.193,369.193,5322.118,5732.238,482.572,3158.474,678.981,474.829,45.645,3865.199,393.328,438.337,3426.862,3865.199,369.193,529.622,-142.391,498.963,-142.391,387.231,3426.862,3240.611,0.56,1.13,11083.2,2005-03
GOOG,1384.495,787.4,475.698,342.814,342.814,5414.578,5744.758,753.472,3649.21,780.749,576.597,55.307,4497.718,448.37,543.861,3953.857,4497.718,342.814,624.619,-157.463,542.627,-157.463,467.156,3953.857,3737.253,0.57,1.14,11159.0,2005-06
GOOG,1578.456,923.302,529.171,381.182,381.182,5502.598,5793.458,5518.569,8382.685,1173.116,803.078,36.63500000000199,9451.001,559.848,657.933,8793.068,9451.001,381.182,646.747,-292.532,605.136,-292.532,354.215,8793.068,8564.465,0.58,1.07,11810.5,2005-09
GOOG,1919.092,1142.057,659.639,372.208,372.208,5828.218,6079.458,3877.174,9001.071,1417.425,961.749,31.310000000001,10271.813,745.384,852.856,9418.957,10271.813,372.208,658.434,-245.831,754.364,-245.831,412.603,9418.957,9141.274,0.6,1.09,11878.0,2005-12
GOOG,2253.755,1349.636,742.699,592.291,592.291,5877.918,6082.458,2935.179,9555.957,1749.568,1209.681,49.853000000001,11294.87,980.024,1051.602,10243.268,11294.87,592.291,824.804,-344.938,853.857,-344.938,479.866,10243.268,9763.889,0.6,1.1,12111.7,2006-03
GOOG,2455.991,1466.959,815.372,721.077,721.077,6028.198,6200.758,4015.922,11058.107,2452.055,1799.766,1072.935,14396.006,977.43,1038.998,13357.008,14396.006,721.077,840.586,-699.0,941.593,-699.0,141.586,13357.008,12891.81,0.6,1.08,12162.6,2006-06
GOOG,2689.673,1640.945,931.331,733.361,733.361,6067.998,6211.478,3038.341,11858.243,2957.58,2174.314,117.533,15693.232,1216.047,1296.145,14397.087,15693.232,733.361,1004.324,-492.222,1076.641,-492.222,512.102,14397.087,13882.536,0.61,1.09,12234.4,2006-09
GOOG,3205.498,1922.35,1060.594,1030.717,1030.717,6138.098,6269.137,3544.671,13039.847,3289.594,2395.239,114.455,18473.351,1304.587,1433.511,17039.84,18473.351,1030.717,910.794,-366.638,1249.844,-366.638,544.156,17039.84,15147.88,0.6,1.08,12426.2,2006-12
GOOG,3663.971,2193.545,1221.209,1002.162,1002.162,6186.298,6297.397,4081.34,14080.774,3876.274,2826.717,129.903,20015.438,1254.353,1638.228,18377.21,20015.438,1002.162,1219.593,-596.893,1426.201,-596.893,622.7,18377.21,16430.118,0.6,1.09,12449.8,2007-03
GOOG,3871.985,2311.73,1104.615,925.12,925.12,6208.718,6309.377,4493.652,14857.523,4401.193,3219.28,245.575,21423.885,1319.195,1764.277,19659.608,21423.885,925.12,1229.926,-575.098,1327.97,-575.098,654.828,19659.608,17596.905,0.6,1.09,12473.3,2007-06
GOOG,4231.351,2568.772,1317.842,1069.989,1069.989,6224.418,6331.517,5106.404,15733.761,4914.422,3588.814,207.288,23340.65,1782.667,2303.879,21036.771,23340.65,1069.989,1632.643,-552.64,1567.217,-552.64,1080.003,21036.771,18274.122,0.61,1.11,12501.5,2007-09
GOOG,4826.679,2870.855,1440.734,1206.449,1206.449,6245.038,6358.517,6081.593,17289.138,5519.912,4039.261,201.749,25335.806,2035.602,2646.127,22689.679,25335.806,1206.449,1693.248,-678.209,1730.67,-678.209,1015.039,22689.679,19943.715,0.59,1.12,12523.0,2007-12
GOOG,5186.043,3075.507,1546.235,1307.086,1307.086,6262.577,6347.837,6519.749,15464.931,6430.853,4741.724,345.99,27604.982,2460.475,3267.447,24337.535,27604.982,1307.086,1779.446,-841.597,1882.759,-841.597,937.849,24337.535,18342.164,0.59,1.13,12551.6,2008-03
GOOG,5367.212,3219.637,1577.965,1247.391,1247.391,6276.337,6360.457,7363.536,16316.837,7013.003,5137.71,664.923,29179.786,2345.515,3266.771,25913.015,29179.786,1247.391,1766.154,-697.517,1969.572,-697.517,1068.637,25913.015,19920.219,0.6,1.13,12565.7,2008-06
GOOG,5541.391,3368.001,1647.565,1289.938,1289.938,6284.817,6355.517,8370.469,17962.851,7325.792,5213.167,660.697,30806.974,2224.277,3332.112,27474.862,30806.974,1289.939,2184.958,-451.503,2033.811,-451.503,1733.455,27474.862,21605.499,0.61,1.12,12578.0,2008-09
GOOG,5700.904,3510.899,1860.205,382.442,382.442,6292.977,6337.317,8656.672,20178.182,7576.341,5233.843,433.846,31767.575,2302.09,3528.713,28238.862,31767.575,382.442,2122.299,-367.844,2245.715,-367.844,1754.455,28238.862,22402.318,0.62,1.12,12599.5,2008-12
GOOG,5509.0,3407.0,1884.0,1423.0,1423.0,6305.037,6344.417,10426.291,22080.802,7697.487,5122.105,468.464,33513.029,2183.854,3664.934,29848.095,33513.029,1423.0,2250.0,-263.0,2287.0,-263.0,1987.0,29848.095,24107.436,0.62,1.12,12625.3,2009-03
GOOG,5523.0,3415.0,1874.0,1485.0,1485.0,6318.017,6370.717,11911.351,23834.853,7905.528,5005.9,530.783,35158.76,2000.962,3563.904,31594.856,35158.76,1484.0,1609.0,-139.0,2251.0,-139.0,1470.0,31594.856,25901.557,0.62,1.11,12644.7,2009-06
GOOG,5945.0,3719.0,2074.0,1639.0,1639.0,6329.937,6394.917,12087.115,26353.544,8043.9,4917.491,648.97300000001,37702.845,2321.774,3981.092,33721.753,37702.845,1639.0,2726.0,-187.0,2453.0,-187.0,2539.0,33721.753,28049.288,0.63,1.12,12665.1,2009-09
GOOG,6674.0,4266.0,2481.0,1974.0,1974.0,6344.697,6443.217,10198.0,29167.0,8130.0,4845.0,678.0,40497.0,2747.0,4493.0,36004.0,40497.0,1974.0,2731.0,-221.0,2846.0,-221.0,2510.0,36004.0,30326.0,0.64,1.12,12698.6,2009-12
GOOG,6775.0,4323.0,2488.0,1955.0,1955.0,6357.897,6452.157,9192.0,31132.0,8219.0,4773.0,900.0,42871.0,2922.0,4588.0,38283.0,42871.0,1955.0,2584.0,-239.0,2819.0,-239.0,2345.0,38283.0,32371.0,0.64,1.12,12718.6,2010-03
GOOG,6820.0,4353.0,2365.0,1840.0,1840.0,6366.997,6449.717,10713.0,35161.0,8525.0,4920.0,895.0,48045.0,5747.0,7432.0,40613.0,48045.0,1840.0,2085.0,-476.0,2707.0,-476.0,1609.0,40613.0,33921.0,0.64,1.18,12732.2,2010-06
GOOG,7286.0,4734.0,2547.0,2167.0,2167.0,6372.337,6447.537,11257.0,39447.0,9383.0,5506.0,812.0,53342.0,8530.0,10052.0,43290.0,53342.0,2167.0,2886.0,-758.0,2889.0,-758.0,2128.0,43290.0,36198.0,0.65,1.23,12757.0,2010-09
GOOG,8440.0,5494.0,2982.0,2543.0,2543.0,6398.937,6510.677,13630.0,41562.0,11771.0,7759.0,707.0,57851.0,9996.0,11610.0,46241.0,57851.0,2543.0,3526.0,-2545.0,3363.0,-2545.0,981.0,46241.0,38941.0,0.65,1.25,12839.6,2010-12
GOOG,8575.0,5639.0,2296.0,1798.0,1798.0,6430.537,6527.657,12415.0,43310.0,12509.0,8249.0,411.0,59960.0,9332.0,11109.0,48851.0,59960.0,1798.0,3172.0,-890.0,2697.0,-890.0,2282.0,48851.0,41527.0,0.66,1.23,12872.6,2011-03
GOOG,9026.0,5854.0,2881.0,2505.0,2505.0,6444.557,6520.717,10320.0,46442.0,13495.0,9003.0,465.0,64861.0,7798.0,12870.0,51991.0,64861.0,2506.0,3519.0,-917.0,3336.0,-917.0,2602.0,51991.0,43933.0,0.65,1.25,12894.2,2011-06
GOOG,9720.0,6342.0,3058.0,2729.0,2729.0,6463.097,6548.777,10630.0,50042.0,13815.0,9204.0,488.0,69088.0,8888.0,14258.0,54830.0,69088.0,2729.0,3950.0,-680.0,3550.0,-680.0,3270.0,54830.0,46367.0,0.65,1.26,12937.7,2011-09
GOOG,10583.0,6880.0,4007.0,2704.0,2704.0,6483.997,6579.977,9983.0,52758.0,14400.0,9603.0,499.0,72574.0,8913.0,14429.0,58145.0,72574.0,2704.0,3924.0,-951.0,4510.0,-951.0,2973.0,58145.0,49221.0,0.65,1.25,12983.2,2011-12
GOOG,10645.0,6856.0,3389.0,2890.0,2890.0,6505.977,6602.717,23108.0,56859.0,14963.0,9875.0,664.0,77144.0,9742.0,15432.0,61712.0,77144.0,2890.0,3694.0,-607.0,3900.0,-607.0,3087.0,61712.0,52846.0,0.64,1.25,13023.6,2012-03
GOOG,11807.0,7130.0,3237.0,2785.0,2785.0,6525.437,6615.857,15437.0,53857.0,16137.0,10909.0,2263.0,86051.0,14028.0,21330.0,64721.0,86051.0,2785.0,4252.0,-774.0,3907.0,-774.0,3478.0,64721.0,46739.0,0.6,1.33,13065.1,2012-06
GOOG,13304.0,7349.0,2740.0,2176.0,2176.0,6555.697,6666.277,16260.0,56821.0,17038.0,11401.0,2206.0,89730.0,14434.0,21702.0,68028.0,89730.0,2176.0,4004.0,-872.0,3568.0,-872.0,3132.0,68028.0,49789.0,0.55,1.32,13129.4,2012-09
GOOG,10283.0,7528.0,4468.0,2886.0,2886.0,13186.383,13186.383,14778.0,60454.0,17697.0,11854.0,2011.0,93798.0,14337.0,22083.0,71715.0,93798.0,2886.0,4669.0,-1020.0,5421.0,-1020.0,3649.0,71715.0,53705.0,0.73,1.31,13186.4,2012-12
GOOG,12951.0,7815.0,3748.0,3346.0,3346.0,6609.077,6733.257,15375.0,62808.0,18260.0,12300.0,2195.0,96692.0,13252.0,21219.0,75473.0,96692.0,3346.0,3633.0,-1203.0,4647.0,-1203.0,2430.0,75473.0,57554.0,0.6,1.28,13227.5,2013-03
GOOG,13107.0,7912.0,3465.0,3228.0,3228.0,13299.195,13533.475,16164.0,66861.0,19255.0,12912.0,1891.0,101182.0,15329.0,22330.0,78852.0,101182.0,3228.0,4705.0,-1611.0,4495.0,-1611.0,3094.0,78852.0,60898.0,0.6,1.28,13312.5,2013-06
GOOG,13754.0,8345.0,3761.0,2970.0,2970.0,13344.635,13569.395,15242.0,68858.0,21722.0,14867.0,1784.0,105068.0,14475.0,22079.0,82989.0,105068.0,2970.0,5083.0,-2289.0,4735.0,-2289.0,2794.0,82989.0,65273.0,0.61,1.27,13353.3,2013-09
GOOG,15707.0,9454.0,4429.0,3189.0,3189.0,13393.395,13640.075,18898.0,72886.0,23837.0,16524.0,1976.0,110920.0,15908.0,23611.0,87309.0,110920.0,3189.0,5238.0,-2255.0,5465.0,-2255.0,2983.0,87309.0,69751.0,0.6,1.27,13420.3,2013-12
GOOG,15420.0,9459.0,4115.0,3452.0,3452.0,13451.735,13704.235,16639.0,75314.0,25719.0,17877.0,1718.0,116526.0,16270.0,24815.0,91711.0,116526.0,3452.0,4391.0,-2345.0,5201.0,-2345.0,2046.0,91711.0,72217.0,0.61,1.27,13502.3,2014-03
GOOG,15955.0,9841.0,4258.0,3351.0,3351.0,13502.295,13727.255,19620.0,77905.0,27574.0,19486.0,1982.0,121608.0,17097.0,25859.0,95749.0,121608.0,3270.0,5627.0,-2646.0,5337.0,-2646.0,2981.0,95749.0,75929.0,0.62,1.27,13536.7,2014-06
GOOG,16523.0,9828.0,3724.0,2739.0,2739.0,13541.935,13764.294,15605.0,80115.0,29292.0,20981.0,2010.0,125781.0,17920.0,26966.0,98815.0,125781.0,2739.0,5994.0,-2417.0,5271.0,-2417.0,3577.0,98815.0,78610.0,0.59,1.27,13584.2,2014-09
GOOG,18103.0,11182.0,4399.0,4675.0,4675.0,13578.815,13769.774,18347.0,78656.0,32746.0,23883.0,3363.0,129187.0,16779.0,25327.0,103860.0,129187.0,4675.0,7012.0,-3606.0,5666.0,-3606.0,3406.0,103860.0,83654.0,0.62,1.24,13622.1,2014-12
GOOG,17258.0,10902.0,4447.0,3515.0,3515.0,13618.295,13789.954,16976.0,80313.0,34843.0,25448.0,3596.0,133400.0,14336.0,24952.0,108448.0,133400.0,3515.0,6722.0,-2927.0,5624.0,-2927.0,3795.0,108448.0,88495.0,0.63,1.23,13665.4,2015-03
GOOG,17727.0,11144.0,4825.0,3931.0,3931.0,13672.335,13817.554,18453.0,84164.0,37112.0,27008.0,3403.0,138807.0,17362.0,27024.0,111783.0,138807.0,3931.0,7096.0,-2515.0,6059.0,-2515.0,4581.0,111783.0,91960.0,0.63,1.24,13709.8,2015-06
GOOG,18675.0,11638.0,4708.0,3979.0,3979.0,13728.695,13886.374,18068.0,88103.0,38908.0,28338.0,3329.0,144281.0,18457.0,28040.0,116241.0,144281.0,3979.0,6145.0,-2406.0,5956.0,-2406.0,3739.0,116241.0,96543.0,0.62,1.24,13753.9,2015-09
GOOG,21329.0,13141.0,5380.0,4923.0,4923.0,13750.714,13940.494,16549.0,90114.0,40146.0,29016.0,3432.0,147461.0,19310.0,27130.0,120331.0,147461.0,4923.0,6609.0,-2102.0,6784.0,-2102.0,4507.0,120331.0,100615.0,0.62,1.23,13747.0,2015-12
GOOG,20257.0,12609.0,5342.0,4207.0,4207.0,13750.354,13986.214,15111.0,90955.0,41995.0,30162.0,3530.0,149747.0,17684.0,26178.0,123569.0,149747.0,4207.0,7658.0,-2428.0,6713.0,-2428.0,5230.0,123569.0,104046.0,0.62,1.21,13735.8,2016-03
GOOG,21500.0,13370.0,5968.0,4877.0,4877.0,13724.375,13936.934,13627.0,94238.0,43904.0,31413.0,3528.0,154292.0,17341.0,26413.0,127879.0,154292.0,4877.0,9120.0,-2123.0,7458.0,-2123.0,6997.0,127879.0,108586.0,0.62,1.21,13735.6,2016-06
GOOG,22451.0,13752.0,5767.0,5061.0,5061.0,13751.214,13968.794,9406.0,98546.0,46094.0,32753.0,3549.0,159948.0,14323.0,25845.0,134103.0,159948.0,5061.0,9845.0,-2357.0,7363.0,-2357.0,7488.0,134103.0,114708.0,0.61,1.19,13782.7,2016-09
GOOG,26064.0,15403.0,6639.0,5333.0,5333.0,13796.294,14004.534,12918.0,105408.0,47527.0,34234.0,2202.0,167497.0,16756.0,28461.0,139036.0,167497.0,5333.0,9413.0,-3064.0,8326.0,-3064.0,6349.0,139036.0,119261.0,0.59,1.2,13825.9,2016-12
GOOG,24750.0,14955.0,6568.0,5426.0,5426.0,13831.094,14040.714,18132.0,108794.0,50321.0,35936.0,2211.0,172756.0,15256.0,27807.0,144949.0,172756.0,5426.0,9548.0,-2467.0,8071.0,-2467.0,7081.0,144949.0,125265.0,0.6,1.19,13842.2,2017-03
GOOG,26010.0,15637.0,6868.0,3524.0,3524.0,13839.174,14070.054,15711.0,112386.0,53341.0,37676.0,2380.0,178621.0,18685.0,30335.0,148286.0,178621.0,3524.0,7403.0,-2818.0,8493.0,-2818.0,4585.0,148286.0,128749.0,0.6,1.2,13857.5,2017-06
GOOG,27772.0,16624.0,7782.0,6732.0,6732.0,13869.694,14074.314,10581.0,119345.0,56358.0,40120.0,3188.0,189536.0,20693.0,32436.0,157100.0,189536.0,6732.0,9872.0,-3511.0,9543.0,-3511.0,6361.0,157100.0,137486.0,0.6,1.21,13895.8,2017-09
GOOG,32323.0,18056.0,7696.0,-3020.0,-3020.0,13867.694,14101.614,10715.0,124308.0,59647.0,42383.0,3352.0,197295.0,24183.0,44793.0,152502.0,197295.0,-3020.0,10268.0,-4289.0,9722.0,-4289.0,5979.0,152502.0,133063.0,0.56,1.29,13895.7,2017-12
GOOG,31146.0,17679.0,7633.0,9401.0,9401.0,13895.034,14102.674,12658.0,123761.0,67801.0,48845.0,2682.0,206935.0,25394.0,46110.0,160825.0,206935.0,9401.0,11642.0,-7269.0,9619.0,-7269.0,4373.0,160825.0,140154.0,0.57,1.29,13898.9,2018-03
GOOG,32657.0,18774.0,8116.0,3195.0,3195.0,13898.694,14064.934,14148.0,124157.0,71876.0,51672.0,3737.0,211610.0,29903.0,49610.0,162000.0,211610.0,3195.0,10132.0,-5477.0,10230.0,-5477.0,4655.0,162000.0,141443.0,0.57,1.31,13918.9,2018-06
GOOG,33740.0,19459.0,8625.0,9192.0,9192.0,13912.674,14077.174,13443.0,129702.0,77128.0,55300.0,3520.0,221538.0,31301.0,51698.0,169840.0,221538.0,9192.0,13210.0,-5282.0,10980.0,-5282.0,7928.0,169840.0,149497.0,0.58,1.3,13919.1,2018-09
GOOG,39276.0,21358.0,8221.0,8948.0,8948.0,13904.772,14017.992,16701.0,135676.0,82507.0,59719.0,3430.0,232792.0,34620.0,55164.0,177628.0,232792.0,8948.0,12987.0,-7081.0,10801.0,-7081.0,5906.0,177628.0,157520.0,0.54,1.31,13911.1,2018-12
GOOG,36339.0,20327.0,8305.0,6657.0,6657.0,13897.374,14017.574,19148.0,138207.0,94095.0,69365.0,3297.0,245349.0,34910.0,61877.0,183472.0,245349.0,6657.0,12000.0,-4638.0,10918.0,-4638.0,7362.0,183472.0,163466.0,0.56,1.34,13895.6,2019-03
GOOG,38944.0,21648.0,9180.0,9947.0,9947.0,13879.374,13999.074,16587.0,147437.0,101143.0,74604.0,3046.0,257101.0,37000.0,64909.0,192192.0,257101.0,9947.0,12627.0,-6126.0,12015.0,-6126.0,6501.0,192192.0,172290.0,0.56,1.34,13881.0,2019-06
GOOG,40499.0,22931.0,9177.0,7068.0,7068.0,13854.814,13963.974,16032.0,148358.0,107746.0,79593.0,2789.0,263044.0,39224.0,68075.0,194969.0,263044.0,7068.0,15466.0,-6732.0,12097.0,-6732.0,8734.0,194969.0,175153.0,0.57,1.35,13818.1,2019-09
GOOG,46075.0,25055.0,9266.0,10671.0,10671.0,13776.072,13903.852,18498.0,152578.0,115148.0,84587.0,3063.0,275909.0,45221.0,74467.0,201442.0,275909.0,10671.0,14427.0,-6052.0,12679.0,-6052.0,8375.0,201442.0,178839.0,0.54,1.37,13766.7,2019-12
GOOG,41159.0,22177.0,7977.0,6836.0,6836.0,13729.294,13845.334,19644.0,147018.0,120903.0,87966.0,3478.0,273403.0,40189.0,69744.0,203659.0,273403.0,6836.0,11451.0,-6005.0,11085.0,-6005.0,5446.0,203659.0,181085.0,0.54,1.34,13679.4,2020-03
GOOG,38297.0,19744.0,6383.0,6959.0,6959.0,13635.354,13740.474,17742.0,149069.0,125859.0,90315.0,3626.0,278492.0,43658.0,71170.0,207322.0,278492.0,6959.0,13993.0,-5391.0,9769.0,-5391.0,8602.0,207322.0,184801.0,0.52,1.34,13624.3,2020-06
GOOG,46173.0,25056.0,11213.0,11247.0,11247.0,13588.974,13717.014,20129.0,164369.0,132233.0,93582.0,4246.0,299243.0,48200.0,86323.0,212920.0,299243.0,11247.0,17003.0,-5406.0,14691.0,-5406.0,11597.0,212920.0,190530.0,0.54,1.41,13554.5,2020-09
GOOG,56898.0,30818.0,15651.0,15227.0,15227.0,13511.614,13659.374,26465.0,174296.0,138673.0,96960.0,5037.0,319616.0,56834.0,97072.0,222544.0,319616.0,15227.0,22677.0,-5479.0,19376.0,-5479.0,17198.0,222544.0,199924.0,0.54,1.44,13504.4,2020-12
GOOG,55314.0,31211.0,16437.0,17930.0,17930.0,13464.394,13641.414,26622.0,172137.0,143556.0,100204.0,5296.0,327095.0,55453.0,97082.0,230013.0,327095.0,17930.0,19289.0,-5942.0,19190.0,-5942.0,13347.0,230013.0,205849.0,0.56,1.42,13421.9,2021-03
GOOG,61880.0,35653.0,19361.0,18525.0,18525.0,13378.994,13591.994,23630.0,175697.0,150053.0,104675.0,5451.0,335387.0,55741.0,97822.0,237565.0,335387.0,18525.0,21890.0,-5496.0,22306.0,-5496.0,16394.0,237565.0,213533.0,0.58,1.41,13352.7,2021-06
GOOG,65118.0,37497.0,21031.0,18936.0,18936.0,13315.0,13530.0,23719.0,184110.0,154822.0,107549.0,5471.0,347403.0,61782.0,102836.0,244567.0,347403.0,18936.0,25539.0,-6819.0,24335.0,-6819.0,18720.0,244567.0,220395.0,0.58,1.42,13293.6,2021-09
GOOG,75325.0,42337.0,21885.0,20642.0,20642.0,13253.976,13449.896,20945.0,188143.0,159971.0,110557.0,6646.0,359268.0,64254.0,107633.0,251635.0,359268.0,20642.0,24934.0,-6383.0,25324.0,-6383.0,18551.0,251635.0,227262.0,0.56,1.43,13242.4,2021-12
GOOG,68011.0,38412.0,20094.0,16436.0,16436.0,13203.414,13351.014,20886.0,177853.0,169169.0,117210.0,7166.0,357096.0,61948.0,103092.0,254004.0,357096.0,16436.0,25106.0,-9786.0,23876.0,-9786.0,15320.0,254004.0,229681.0,0.56,1.41,13175.3,2022-03
GOOG,69685.0,39581.0,19453.0,16002.0,16002.0,13132.994,13238.994,17936.0,172371.0,173656.0,119621.0,7202.0,355185.0,61354.0,99766.0,255419.0,355185.0,16002.0,19422.0,-6828.0,23352.0,-6828.0,12594.0,255419.0,230093.0,0.57,1.39,13078.0,2022-06
GOOG,69092.0,37934.0,17135.0,13910.0,13910.0,13018.0,13097.0,21984.0,166109.0,177552.0,122040.0,8661.0,358255.0,65979.0,104629.0,253626.0,358255.0,13910.0,23353.0,-7276.0,21181.0,-7276.0,16077.0,253626.0,222600.0,0.55,1.41,12971.0,2022-09
PFE,8525.0,7460.0,3494.0,4665.0,4665.0,6101.4,6161.7,2068.0,31103.0,16835.0,11038.0,9557.0,52928.0,18754.0,28085.0,24843.0,52928.0,4665.0,2337.0,796.0,3763.0,796.0,3133.0,24843.0,23613.0,0.88,2.13,7894.47,2003-03
PFE,9900.0,7920.0,1866.0,-3591.0,-3593.0,7453.4,7453.4,2190.0,34744.0,24522.0,18279.0,11698.0,124258.0,22157.0,53976.0,70282.0,124258.0,-3592.0,2133.0,3587.0,2802.0,3587.0,5720.0,70043.0,10506.0,0.8,1.77,7786.22,2003-06
PFE,12348.0,9063.0,2587.0,2235.0,2234.0,7710.7,7791.2,1610.0,33067.0,24338.0,17961.0,11879.0,120058.0,21660.0,51527.0,68531.0,120058.0,2235.0,2873.0,-645.0,3685.0,-645.0,2228.0,68302.0,11151.0,0.73,1.75,7631.52,2003-09
PFE,13982.0,10716.0,2682.0,602.0,600.0,7586.5,7661.9,1520.0,30677.0,25072.0,18156.0,10086.0,116775.0,23909.0,51398.0,65377.0,116775.0,602.0,4384.0,-765.0,4404.0,-765.0,3619.0,65158.0,7302.0,0.77,1.79,7629.0,2003-12
PFE,12487.0,10693.0,4288.0,2331.0,2330.0,7586.0,7679.0,965.0,35389.0,25069.0,17703.0,9743.0,122289.0,24637.0,53241.0,69048.0,122289.0,2331.0,1583.0,-363.0,5549.0,-363.0,1220.0,68837.0,9383.0,0.86,1.77,7625.06,2004-03
PFE,12274.0,10522.0,3615.0,2863.0,2862.0,7574.1,7664.0,652.0,36685.0,24601.0,17299.0,8688.0,119961.0,25158.0,53256.0,66705.0,119961.0,2864.0,3591.0,-23.0,4871.0,-23.0,3568.0,66500.0,9211.0,0.86,1.8,7550.78,2004-06
PFE,12831.0,11191.0,4424.0,3341.0,3340.0,7501.0,7569.0,1864.0,39057.0,25489.0,17477.0,9019.0,122229.0,25239.0,53846.0,68383.0,122229.0,3341.0,5176.0,52.0,5689.0,52.0,5228.0,68183.0,11507.0,0.87,1.79,7531.0,2004-09
PFE,11395.0,10189.0,4099.0,2825.0,2824.0,7462.0,7530.0,1808.0,39088.0,26919.0,18385.0,8598.0,123078.0,26458.0,54800.0,68278.0,123078.0,2825.0,5990.0,-991.0,5410.0,-991.0,4999.0,68085.0,11078.0,0.89,1.8,7473.0,2004-12
PFE,13091.0,10900.0,4169.0,301.0,301.0,7416.0,7474.0,1476.0,42353.0,26446.0,17912.0,7998.0,122935.0,28948.0,55403.0,67532.0,122935.0,301.0,3193.0,-465.0,5535.0,-465.0,2728.0,67345.0,12673.0,0.83,1.82,7435.34,2005-03
PFE,11452.0,9690.0,3238.0,3463.0,3461.0,7366.0,7418.0,1276.0,33573.0,26207.0,17673.0,7672.0,112327.0,22566.0,46999.0,65328.0,112327.0,3462.0,3790.0,-532.0,4648.0,-532.0,3258.0,65148.0,11739.0,0.85,1.72,7370.5,2005-06
PFE,11263.0,9652.0,3554.0,1589.0,1588.0,7333.0,7382.0,959.0,32768.0,26718.0,17519.0,7274.0,110343.0,20395.0,43536.0,66807.0,110343.0,1589.0,3013.0,-496.0,4921.0,-496.0,2517.0,66632.0,13850.0,0.86,1.65,7371.4,2005-09
PFE,12547.0,10565.0,3411.0,2733.0,2731.0,7328.0,7372.0,2247.0,46835.0,25760.0,16233.0,6673.0,116970.0,28412.0,51206.0,65764.0,116970.0,2733.0,4737.0,-613.0,4844.0,-613.0,4124.0,65595.0,18366.0,0.84,1.78,7361.0,2005-12
PFE,11747.0,10076.0,4313.0,4111.0,4111.0,7314.0,7348.0,2869.0,37415.0,26630.0,17103.0,6627.0,112959.0,19674.0,43350.0,69609.0,112959.0,4111.0,3961.0,-418.0,5664.0,-418.0,3543.0,69450.0,17636.0,0.86,1.62,7327.39,2006-03
PFE,11741.0,9951.0,3505.0,2415.0,2413.0,7282.0,7305.0,1921.0,40994.0,26010.0,16483.0,6882.0,111550.0,20055.0,43061.0,68489.0,111550.0,2415.0,5143.0,-469.0,4848.0,-469.0,4674.0,68337.0,21146.0,0.85,1.63,7291.45,2006-06
PFE,12280.0,10318.0,3867.0,3362.0,3361.0,7228.0,7251.0,1177.0,38721.0,25944.0,16417.0,7073.0,108585.0,17688.0,38873.0,69712.0,108585.0,3362.0,4014.0,-551.0,5199.0,-551.0,3463.0,69566.0,23192.0,0.84,1.56,7210.44,2006-09
PFE,12603.0,10386.0,2597.0,9449.0,9448.0,7143.0,7178.0,1827.0,47658.0,27063.0,16632.0,6030.0,115546.0,22099.0,44114.0,71432.0,115546.0,9449.0,4476.0,-765.0,3864.0,-765.0,3711.0,71291.0,26065.0,0.82,1.62,7124.0,2006-12
PFE,12474.0,10587.0,4746.0,3392.0,3391.0,7051.0,7075.0,2492.0,42337.0,26912.0,16481.0,7253.0,110483.0,13301.0,37995.0,72488.0,110483.0,3392.0,1243.0,-329.0,6017.0,-329.0,914.0,72364.0,27952.0,0.85,1.52,7018.26,2007-03
PFE,11084.0,8975.0,2183.0,1267.0,1266.0,6966.0,6990.0,2138.0,41622.0,26729.0,16298.0,8596.0,110403.0,15136.0,42309.0,68094.0,110403.0,1267.0,3665.0,-428.0,3624.0,-428.0,3237.0,67984.0,24097.0,0.81,1.62,6927.11,2007-06
PFE,11990.0,7372.0,831.0,761.0,760.0,6875.0,6894.0,2611.0,41840.0,26145.0,15714.0,9268.0,109030.0,14328.0,42420.0,66610.0,109030.0,761.0,4678.0,-461.0,2203.0,-461.0,4217.0,66507.0,24299.0,0.61,1.64,6829.81,2007-09
PFE,12870.0,10245.0,2576.0,2724.0,2723.0,6776.0,6798.0,3406.0,46849.0,28103.0,15734.0,10805.0,115268.0,21835.0,50144.0,65124.0,115268.0,2724.0,3767.0,-773.0,3692.0,-773.0,2994.0,65031.0,23151.0,0.8,1.77,6761.0,2007-12
PFE,11848.0,9862.0,3800.0,2784.0,2784.0,6739.0,6762.0,2013.0,51011.0,27752.0,15383.0,10704.0,118550.0,21682.0,50990.0,67560.0,118550.0,2784.0,3271.0,-483.0,5287.0,-483.0,2788.0,67474.0,26022.0,0.83,1.75,6765.2,2008-03
PFE,12129.0,9840.0,3192.0,2776.0,2776.0,6732.0,6748.0,820.0,48651.0,27294.0,14925.0,11360.0,116515.0,23193.0,49797.0,66718.0,116515.0,2788.0,5042.0,-385.0,4421.0,-385.0,4657.0,66637.0,25058.0,0.81,1.75,6740.99,2008-06
PFE,11973.0,9851.0,3822.0,2278.0,2278.0,6718.0,6736.0,1265.0,48227.0,26701.0,14332.0,12359.0,115249.0,21503.0,47758.0,67491.0,115249.0,2284.0,3952.0,-444.0,5018.0,-444.0,3508.0,67415.0,27084.0,0.82,1.71,6742.94,2008-09
PFE,12346.0,10631.0,627.0,266.0,266.0,6718.0,6750.0,2122.0,43076.0,25128.0,13287.0,4122.0,111148.0,27009.0,53408.0,57740.0,111148.0,271.0,5973.0,-389.0,1805.0,-389.0,5584.0,57667.0,18482.0,0.86,1.92,6745.27,2008-12
PFE,10867.0,9459.0,4357.0,2729.0,2729.0,6723.0,6753.0,1247.0,54253.0,12936.0,12936.0,3802.0,122932.0,23340.0,62491.0,60441.0,122932.0,2730.0,3147.0,-253.0,5365.0,-253.0,2894.0,60372.0,21967.0,0.87,2.03,6747.98,2009-03
PFE,10984.0,9228.0,3580.0,2261.0,2261.0,6728.0,6752.0,2244.0,71550.0,13194.0,13194.0,3614.0,139339.0,26109.0,76104.0,63235.0,139339.0,2266.0,4514.0,-269.0,4586.0,-269.0,4245.0,63169.0,24764.0,0.84,2.2,6749.14,2009-06
PFE,11621.0,9832.0,4362.0,2878.0,2878.0,6730.0,6762.0,4234.0,73784.0,13173.0,13173.0,4250.0,141294.0,23992.0,75044.0,66250.0,141294.0,2881.0,4101.0,-261.0,5331.0,-261.0,3840.0,66186.0,28265.0,0.85,2.13,8069.54,2009-09
PFE,16537.0,12602.0,3521.0,767.0,767.0,7847.0,7906.0,1978.0,61670.0,33924.0,22780.0,4986.0,212949.0,37225.0,122503.0,90446.0,212949.0,767.0,4825.0,-422.0,5295.0,-422.0,4403.0,90385.0,-20006.0,0.76,2.35,8070.0,2009-12
PFE,16576.0,12374.0,4339.0,2026.0,2026.0,8061.0,8101.0,1759.0,49916.0,21651.0,21651.0,4337.0,195113.0,25924.0,105031.0,90082.0,195113.0,2035.0,-6360.0,-305.0,6390.0,-305.0,-6665.0,90024.0,-17104.0,0.75,2.17,8067.98,2010-03
PFE,17132.0,13448.0,5115.0,2475.0,2475.0,8046.0,8072.0,1877.0,51101.0,20041.0,20041.0,4032.0,191071.0,24681.0,104193.0,86878.0,191071.0,2485.0,4873.0,-373.0,7328.0,-373.0,4500.0,86822.0,-18551.0,0.78,2.2,8038.28,2010-06
PFE,15995.0,12205.0,2240.0,866.0,866.0,8027.0,8057.0,2176.0,54089.0,19450.0,19450.0,5118.0,191415.0,24172.0,103347.0,88068.0,191415.0,871.0,6683.0,-288.0,4469.0,-288.0,6395.0,88014.0,-14400.0,0.76,2.17,8009.95,2010-09
PFE,15462.0,12350.0,4863.0,2890.0,2890.0,8009.0,8059.0,1735.0,60468.0,32298.0,19123.0,4170.0,195014.0,28609.0,106749.0,88265.0,195014.0,2897.0,6258.0,-547.0,6769.0,-547.0,5711.0,88213.0,-13292.0,0.8,2.21,8012.0,2010-12
PFE,16502.0,12809.0,4839.0,2222.0,2222.0,7982.0,8035.0,730.0,58244.0,18833.0,18833.0,4718.0,194956.0,29171.0,104423.0,90533.0,194956.0,2234.0,4642.0,-250.0,6943.0,-250.0,4392.0,90484.0,-12866.0,0.78,2.15,7991.21,2011-03
PFE,16485.0,12914.0,4499.0,2610.0,2610.0,7875.0,7935.0,3096.0,60484.0,18281.0,18281.0,4761.0,195899.0,30471.0,106936.0,88963.0,195899.0,2618.0,5898.0,-358.0,6748.0,-358.0,5540.0,88916.0,-13250.0,0.78,2.2,7802.13,2011-06
PFE,16609.0,13200.0,5178.0,3738.0,3738.0,7770.0,7810.0,3706.0,62732.0,17721.0,17721.0,5205.0,196132.0,27856.0,105602.0,90530.0,196132.0,3749.0,4439.0,-454.0,7393.0,-454.0,3985.0,90484.0,-10522.0,0.79,2.17,7686.97,2011-09
PFE,11917.0,9866.0,2399.0,1439.0,1439.0,7637.0,7705.0,3182.0,60817.0,29237.0,15921.0,5697.0,188002.0,28909.0,105381.0,82621.0,188002.0,1448.0,5261.0,-598.0,4857.0,-598.0,4663.0,82576.0,-13177.0,0.83,2.28,7575.0,2011-12
PFE,14885.0,12140.0,4690.0,1794.0,1794.0,7537.0,7598.0,2934.0,54863.0,16192.0,16192.0,5943.0,185683.0,27094.0,102006.0,83677.0,185683.0,1803.0,2774.0,-254.0,6911.0,-254.0,2520.0,83634.0,-14419.0,0.82,2.22,7537.43,2012-03
PFE,13968.0,11592.0,5052.0,3253.0,3253.0,7476.0,7537.0,3031.0,58765.0,14756.0,14756.0,5806.0,182842.0,30798.0,102881.0,79961.0,182842.0,3260.0,4021.0,-294.0,6723.0,-294.0,3727.0,79919.0,-13048.0,0.83,2.29,7469.48,2012-06
PFE,12953.0,10644.0,4055.0,3208.0,3207.0,7436.0,7508.0,4506.0,57127.0,14606.0,14606.0,5862.0,182603.0,29131.0,100488.0,82115.0,182603.0,3214.0,5003.0,-285.0,5711.0,-285.0,4718.0,82074.0,-9505.0,0.82,2.22,7362.57,2012-09
PFE,13891.0,11138.0,3560.0,6315.0,6314.0,7319.0,7382.0,10081.0,64831.0,25965.0,13213.0,4798.0,185798.0,29186.0,104120.0,81678.0,185798.0,6321.0,4948.0,-494.0,5667.0,-494.0,4454.0,81639.0,-7168.0,0.8,2.27,7276.0,2012-12
PFE,12410.0,10147.0,4001.0,2750.0,2750.0,7187.0,7269.0,2134.0,64763.0,13950.0,13950.0,5432.0,187398.0,27543.0,104571.0,82827.0,187398.0,2765.0,2303.0,-202.0,5775.0,-202.0,2101.0,82789.0,-5072.0,0.82,2.26,7185.64,2013-03
PFE,12973.0,10731.0,4470.0,14095.0,14095.0,7042.0,7117.0,2436.0,61435.0,12443.0,12443.0,5143.0,179335.0,23450.0,100358.0,78977.0,179335.0,14134.0,3757.0,-309.0,6096.0,-309.0,3448.0,78941.0,-5266.0,0.83,2.27,6620.3,2013-06
PFE,12643.0,10356.0,4217.0,2590.0,2590.0,6581.0,6656.0,2052.0,59500.0,12359.0,12359.0,4982.0,175521.0,20373.0,97167.0,78354.0,175521.0,2599.0,5900.0,-278.0,5738.0,-278.0,5622.0,78319.0,-4630.0,0.82,2.24,6481.07,2013-09
PFE,13558.0,10764.0,3678.0,2568.0,2567.0,6438.0,6532.0,2183.0,56244.0,25678.0,12397.0,5150.0,172101.0,23366.0,95481.0,76620.0,172101.0,2574.0,5724.0,-417.0,5167.0,-417.0,5307.0,76587.0,-5317.0,0.79,2.25,6399.0,2013-12
PFE,11353.0,9308.0,3528.0,2329.0,2329.0,6389.0,6476.0,2862.0,57793.0,12347.0,12347.0,5257.0,171808.0,24790.0,93740.0,78068.0,171808.0,2338.0,2935.0,-292.0,4984.0,-292.0,2643.0,78036.0,-2553.0,0.82,2.2,6393.53,2014-03
PFE,12773.0,10311.0,4031.0,2912.0,2911.0,6368.0,6444.0,3406.0,58287.0,12179.0,12179.0,4957.0,172612.0,21938.0,95656.0,76956.0,172612.0,2921.0,4087.0,-278.0,5455.0,-278.0,3809.0,76925.0,-3096.0,0.81,2.24,6340.86,2014-06
PFE,12361.0,9993.0,3663.0,2666.0,2666.0,6330.0,6403.0,2437.0,56987.0,12032.0,12032.0,4793.0,171362.0,19920.0,93057.0,78305.0,171362.0,2673.0,4463.0,-275.0,4989.0,-275.0,4188.0,78275.0,-824.0,0.81,2.19,6300.66,2014-09
PFE,13118.0,10416.0,2277.0,1228.0,1228.0,6295.0,6373.0,3343.0,55595.0,24988.0,11762.0,5455.0,167566.0,21587.0,95944.0,71622.0,167566.0,1236.0,5599.0,-354.0,3608.0,-354.0,5245.0,71593.0,-5643.0,0.79,2.34,6291.0,2014-12
PFE,10864.0,9026.0,3097.0,2376.0,2376.0,6203.0,6292.0,3563.0,49443.0,11527.0,11527.0,5194.0,160640.0,20222.0,93053.0,67587.0,160640.0,2381.0,680.0,-239.0,4357.0,-239.0,441.0,67559.0,-8628.0,0.83,2.38,6157.67,2015-03
PFE,11853.0,9673.0,3681.0,2626.0,2626.0,6159.0,6243.0,3670.0,51715.0,11432.0,11432.0,5086.0,160878.0,24143.0,93698.0,67180.0,160878.0,2636.0,4090.0,-258.0,4882.0,-258.0,3832.0,67152.0,-7843.0,0.82,2.39,6167.35,2015-06
PFE,12087.0,9868.0,3939.0,2130.0,2130.0,6168.0,6243.0,3099.0,45001.0,13695.0,13695.0,5424.0,170867.0,27845.0,103743.0,67124.0,170867.0,2138.0,5020.0,-289.0,5211.0,-289.0,4731.0,67097.0,-23417.0,0.82,2.55,6173.0,2015-09
PFE,14047.0,10637.0,2261.0,-172.0,-172.0,6176.0,6251.0,3641.0,43804.0,27268.0,13766.0,5212.0,167381.0,29399.0,102383.0,64998.0,167381.0,-169.0,4898.0,-611.0,3685.0,-611.0,4287.0,64972.0,-23628.0,0.76,2.58,6175.0,2015-12
PFE,13005.0,10154.0,4032.0,3038.0,3038.0,6150.0,6225.0,2561.0,41298.0,27586.0,13584.0,5741.0,162929.0,28735.0,99582.0,63347.0,162929.0,3048.0,1808.0,-301.0,5457.0,-301.0,1507.0,63321.0,-24839.0,0.78,2.57,6191.88,2016-03
PFE,13147.0,9973.0,3793.0,2047.0,2047.0,6068.0,6149.0,3411.0,43845.0,28246.0,13609.0,6424.0,170658.0,32099.0,107592.0,63066.0,170658.0,2063.0,3606.0,-401.0,5180.0,-401.0,3205.0,63041.0,-30615.0,0.76,2.71,6065.65,2016-06
PFE,13045.0,9960.0,3552.0,1355.0,1355.0,6066.0,6150.0,2094.0,38501.0,28122.0,13284.0,6620.0,178430.0,34759.0,114829.0,63601.0,178430.0,1354.0,4737.0,-432.0,4948.0,-432.0,4305.0,63576.0,-46942.0,0.76,2.81,6068.35,2016-09
PFE,13628.0,10417.0,2333.0,775.0,775.0,6071.0,6111.0,2595.0,38949.0,28125.0,13318.0,5135.0,171615.0,31115.0,111775.0,59840.0,171615.0,781.0,6041.0,-689.0,3882.0,-689.0,5352.0,59816.0,-47281.0,0.76,2.87,6070.0,2016-12
PFE,12779.0,10311.0,4094.0,3121.0,3121.0,6006.0,6092.0,4057.0,35878.0,28288.0,13238.0,5240.0,168784.0,24864.0,110038.0,58746.0,168784.0,3130.0,1584.0,-358.0,5649.0,-358.0,1226.0,58723.0,-48359.0,0.81,2.87,5955.13,2017-03
PFE,12896.0,10236.0,3811.0,3073.0,3073.0,5958.0,6037.0,2585.0,36385.0,28892.0,13386.0,5417.0,168558.0,27182.0,109864.0,58694.0,168558.0,3078.0,3240.0,-448.0,5385.0,-448.0,2792.0,58671.0,-47691.0,0.79,2.87,5947.35,2017-06
PFE,13168.0,10324.0,3778.0,2840.0,2840.0,5951.0,6041.0,2779.0,40291.0,29411.0,13505.0,5245.0,172151.0,28217.0,111041.0,61110.0,172151.0,2858.0,4889.0,-450.0,5344.0,-450.0,4439.0,61088.0,-44711.0,0.78,2.82,5960.71,2017-09
PFE,13703.0,10447.0,2389.0,12274.0,12274.0,5964.0,6061.0,1342.0,41141.0,30037.0,13865.0,5084.0,171797.0,30427.0,100141.0,71656.0,171797.0,12289.0,7089.0,-700.0,3963.0,-700.0,6389.0,71635.0,-33057.0,0.76,2.4,5979.0,2017-12
PFE,12906.0,10343.0,3992.0,3561.0,3561.0,5957.0,6057.0,2302.0,34835.0,30636.0,13971.0,4779.0,164612.0,27365.0,94071.0,70541.0,164612.0,3570.0,1983.0,-386.0,5559.0,-386.0,1597.0,70520.0,-33562.0,0.8,2.33,5948.59,2018-03
PFE,13466.0,10550.0,4020.0,3872.0,3872.0,5866.0,5952.0,2704.0,37303.0,30763.0,13919.0,4743.0,164980.0,32156.0,94856.0,70124.0,164980.0,3879.0,3847.0,-424.0,5582.0,-424.0,3423.0,70104.0,-32316.0,0.78,2.35,5862.11,2018-06
PFE,13298.0,10604.0,3849.0,4114.0,4114.0,5875.0,5986.0,3559.0,41583.0,31114.0,14036.0,4854.0,167838.0,29013.0,96174.0,71664.0,167838.0,4122.0,5259.0,-547.0,5463.0,-547.0,4712.0,71644.0,-29277.0,0.8,2.34,5780.47,2018-09
PFE,1155.0,341.0,-5130.0,-393.0,-393.0,5791.0,5914.0,1139.0,49926.0,29976.0,13385.0,4722.0,159422.0,31858.0,95664.0,63758.0,159422.0,-7710.0,4738.0,-627.0,-3723.0,-627.0,4111.0,63739.0,-24883.0,0.3,2.5,5717.0,2018-12
PFE,13118.0,10685.0,4460.0,3884.0,3884.0,5635.0,5750.0,1937.0,45290.0,29625.0,13467.0,6278.0,155421.0,29423.0,96263.0,59158.0,155421.0,3889.0,1698.0,-460.0,6005.0,-460.0,1238.0,59139.0,-28388.0,0.81,2.63,5557.0,2019-03
PFE,13264.0,10688.0,4151.0,5046.0,5046.0,5562.0,5672.0,1784.0,47073.0,29910.0,13521.0,6323.0,156199.0,32030.0,96275.0,59924.0,156199.0,5056.0,2611.0,-479.0,5679.0,-479.0,2132.0,59906.0,-26471.0,0.81,2.61,5562.0,2019-06
PFE,12680.0,10078.0,3323.0,7680.0,7680.0,5545.0,5649.0,2785.0,33459.0,30429.0,13701.0,6904.0,170446.0,36974.0,105050.0,65396.0,170446.0,7683.0,4510.0,-565.0,4876.0,-565.0,3945.0,65378.0,-32282.0,0.79,2.61,5531.0,2019-09
PFE,1843.0,1400.0,-4625.0,-583.0,-583.0,5533.0,5630.0,1121.0,32803.0,27959.0,12969.0,19537.0,167594.0,37304.0,104147.0,63447.0,167594.0,-5890.0,3769.0,-542.0,-3496.0,-542.0,3227.0,63430.0,-18708.0,0.76,2.64,5534.0,2019-12
PFE,10083.0,8143.0,3081.0,3355.0,3355.0,5545.0,5613.0,2151.0,34738.0,30969.0,14040.0,6372.0,166336.0,33890.0,100998.0,65338.0,166336.0,2483.0,3133.0,-449.0,4247.0,-449.0,2684.0,65321.0,-27645.0,0.81,2.55,5552.0,2020-03
PFE,9864.0,8038.0,2432.0,3489.0,3489.0,5554.0,5619.0,1801.0,46424.0,31002.0,14113.0,6686.0,177934.0,32723.0,113370.0,64564.0,177934.0,2604.0,3555.0,-457.0,3631.0,-457.0,3098.0,64564.0,-27427.0,0.81,2.76,5554.0,2020-06
PFE,10277.0,8270.0,2450.0,1469.0,1469.0,5557.0,5633.0,1587.0,47739.0,31039.0,14403.0,7003.0,178983.0,34154.0,113488.0,65495.0,178983.0,917.0,2090.0,-507.0,3658.0,-507.0,1583.0,65495.0,-25335.0,0.8,2.73,5557.0,2020-09
PFE,11427.0,8716.0,865.0,846.0,846.0,5564.0,5662.0,1786.0,35067.0,28406.0,13745.0,7263.0,154229.0,25920.0,90756.0,63473.0,154229.0,1017.0,5625.0,-813.0,2069.0,-813.0,4812.0,63473.0,-14419.0,0.76,2.43,5567.0,2020-12
PFE,14516.0,10359.0,4730.0,4877.0,4877.0,5584.0,5662.0,1768.0,39533.0,29116.0,14011.0,7282.0,158818.0,26652.0,89953.0,68865.0,158818.0,4885.0,4538.0,-554.0,5937.0,-554.0,3984.0,68865.0,-8899.0,0.71,2.31,5594.0,2021-03
PFE,18899.0,11903.0,5824.0,5563.0,5563.0,5598.0,5678.0,2372.0,48814.0,29552.0,14224.0,8750.0,169920.0,35664.0,99605.0,70315.0,169920.0,5825.0,11299.0,-537.0,7132.0,-537.0,10762.0,70315.0,-6875.0,0.63,2.42,5599.0,2021-06
PFE,24035.0,14103.0,7555.0,8146.0,8146.0,5609.0,5725.0,1966.0,57900.0,29839.0,14436.0,9460.0,179188.0,41803.0,103221.0,75967.0,179188.0,8171.0,10829.0,-618.0,8896.0,-618.0,10211.0,75967.0,172.0,0.59,2.36,5611.0,2021-09
PFE,23838.0,14102.0,2126.0,3393.0,3393.0,5613.0,5768.0,1944.0,59693.0,29956.0,14882.0,11021.0,181476.0,42671.0,104014.0,77462.0,181476.0,3578.0,5914.0,-1002.0,3461.0,-1002.0,4912.0,77462.0,3108.0,0.59,2.34,5620.0,2021-12
PFE,25661.0,15677.0,9948.0,7864.0,7864.0,5617.0,5758.0,2470.0,54420.0,30467.0,15109.0,13548.0,183841.0,39268.0,101156.0,82685.0,183841.0,7879.0,6541.0,-643.0,11135.0,-643.0,5898.0,82685.0,2658.0,0.61,2.22,5591.0,2022-03
PFE,27742.0,19094.0,12409.0,9906.0,9906.0,5593.0,5712.0,1780.0,67466.0,30213.0,15244.0,14661.0,195290.0,47410.0,107821.0,87469.0,195290.0,9877.0,8170.0,-751.0,13584.0,-751.0,7419.0,87469.0,8513.0,0.69,2.23,5593.0,2022-06
PFE,22638.0,16575.0,9666.0,8608.0,8608.0,5607.0,5718.0,1298.0,70403.0,30372.0,15441.0,18027.0,195350.0,44314.0,102459.0,92891.0,195350.0,8644.0,5974.0,-841.0,10849.0,-841.0,5133.0,92891.0,15300.0,0.73,2.1,5612.0,2022-09
RBLX,310.009,231.391,-68.607,-58.741,-58.741,534.82,534.82,893.943,1424.131,296.385,206.415,115.36,1847.8,1228.546,2080.181,-232.381,1847.8,-60.537,179.004,-51.891,-55.031,-51.891,127.113,-232.381,-334.275,0.75,-7.95,534.82,2020-12
RBLX,386.976,289.039,-135.056,-134.217,-134.217,291.074,291.074,1600.53,2172.834,519.378,414.911,128.564,2816.079,1510.355,2224.485,591.594,2816.079,-136.103,164.469,-22.133,-118.436,-22.133,142.336,591.594,491.824,0.75,4.76,568.894,2021-03
RBLX,454.1,337.17,-142.946,-140.134,-140.134,571.3,571.3,1780.262,2394.277,565.64,446.813,135.054,3073.791,1772.011,2531.752,542.039,3073.791,-142.93,191.251,-23.235,-125.156,-23.235,168.016,542.039,444.392,0.74,5.67,574.595,2021-06
RBLX,509.336,379.321,-77.446,-74.002,-74.002,575.932,575.932,1925.559,2511.599,582.888,447.734,131.398,3272.28,1917.591,2666.449,605.831,3272.28,-77.19,181.166,-2.963,-58.417,-2.963,178.203,605.831,424.282,0.74,5.4,578.471,2021-09
RBLX,568.769,416.781,-139.65,-143.298,-143.298,582.361,582.361,3004.3,3749.765,646.164,492.637,140.457,4560.596,2167.092,3967.673,592.923,4560.596,-147.257,122.223,-44.942,-117.467,-44.942,77.281,592.923,415.186,0.73,7.69,585.878,2021-12
RBLX,537.134,401.502,-151.611,-160.202,-160.202,588.521,588.521,3132.964,3754.013,799.332,625.121,162.772,4715.831,2174.728,4148.37,567.461,4715.831,-162.02,156.436,-51.79,-127.114,-51.79,104.646,567.461,393.536,0.75,8.31,592.195,2022-03
RBLX,591.207,448.05,-170.267,-176.44,-176.44,593.928,593.928,3075.475,3725.786,1049.173,850.366,156.498,4919.42,2263.539,4367.827,551.593,4919.42,-178.734,26.497,-83.812,-141.271,-83.812,-57.315,551.593,364.823,0.76,8.92,596.622,2022-06
RBLX,517.707,391.27,-300.007,-297.798,-297.798,597.779,597.779,3021.507,3668.08,1207.466,978.78,207.356,5038.324,2238.158,4613.731,424.593,5038.324,-301.902,67.144,-133.356,-265.955,-133.356,-66.212,424.593,240.485,0.76,11.87,600.64,2022-09
TGT,10322.0,3558.0,705.0,349.0,349.0,910.3,915.1,452.0,11992.0,21346.0,15663.0,1517.0,29172.0,6801.0,19412.0,9760.0,29172.0,349.0,-245.0,-655.0,1022.0,-655.0,-900.0,9760.0,9760.0,0.34,2.99,910.756,2003-04
TGT,9594.0,3144.0,685.0,358.0,358.0,910.8,918.1,429.0,11973.0,22095.0,16205.0,1456.0,29634.0,6961.0,19590.0,10044.0,29634.0,358.0,694.0,-750.0,903.0,-750.0,-56.0,10044.0,10044.0,0.33,2.95,910.938,2003-07
TGT,9827.0,3184.0,563.0,302.0,302.0,911.3,918.0,495.0,13284.0,22697.0,16628.0,1512.0,31424.0,8596.0,21159.0,10265.0,31424.0,302.0,397.0,-890.0,1004.0,-890.0,-493.0,10265.0,10265.0,0.32,3.06,911.462,2003-10
TGT,13676.0,4337.0,1253.0,800.0,800.0,1332.769,1360.064,708.0,12952.0,19880.0,15153.0,3311.0,31416.0,8314.0,20284.0,11132.0,31416.0,610.0,2659.0,-376.0,1375.0,-376.0,2283.0,11132.0,11132.0,0.32,2.82,911.808,2004-01
TGT,10180.0,3411.0,773.0,432.0,432.0,912.6,921.4,622.0,12375.0,23394.0,17301.0,1447.0,31123.0,8235.0,19660.0,11463.0,31123.0,392.0,587.0,-631.0,1065.0,-631.0,-44.0,11463.0,11463.0,0.34,2.72,913.4,2004-04
TGT,10556.0,3374.0,786.0,1410.0,1410.0,911.5,919.2,1735.0,13038.0,20894.0,15980.0,2277.0,31295.0,7952.0,18929.0,12366.0,31295.0,360.0,547.0,-756.0,1085.0,-756.0,-209.0,12366.0,12366.0,0.32,2.53,903.335,2004-07
TGT,10909.0,3590.0,633.0,531.0,531.0,896.0,905.0,1587.0,13777.0,21626.0,16473.0,1536.0,31786.0,8485.0,19388.0,12398.0,31786.0,324.0,-139.0,-804.0,957.0,-804.0,-943.0,12398.0,12398.0,0.33,2.56,895.426,2004-10
TGT,15194.0,4846.0,1409.0,825.0,825.0,895.1,902.8,2245.0,13922.0,22272.0,16860.0,1511.0,32293.0,8220.0,19264.0,13029.0,32293.0,809.0,2200.0,-821.0,1753.0,-821.0,1379.0,13029.0,13029.0,0.32,2.48,885.553,2005-01
TGT,11477.0,3921.0,907.0,494.0,494.0,887.0,893.5,1152.0,12455.0,22696.0,17328.0,1512.0,31295.0,7173.0,18248.0,13047.0,31295.0,494.0,600.0,-713.0,1247.0,-713.0,-113.0,13047.0,13047.0,0.34,2.4,883.371,2005-04
TGT,11990.0,3975.0,979.0,540.0,540.0,883.3,891.2,696.0,12337.0,23652.0,18023.0,1559.0,31919.0,8037.0,18397.0,13522.0,31919.0,540.0,858.0,-1048.0,1325.0,-1048.0,-190.0,13522.0,13522.0,0.33,2.36,884.664,2005-07
TGT,12206.0,3971.0,831.0,435.0,435.0,881.2,887.0,503.0,14411.0,24452.0,18573.0,1514.0,34498.0,9641.0,20942.0,13556.0,34498.0,435.0,362.0,-874.0,1185.0,-874.0,-512.0,13556.0,13556.0,0.33,2.54,879.184,2005-10
TGT,16947.0,5229.0,1606.0,939.0,939.0,876.6,885.0,1648.0,14405.0,25214.0,19038.0,1369.0,34995.0,9588.0,20790.0,14205.0,34995.0,939.0,2631.0,-695.0,1975.0,-695.0,1936.0,14205.0,14022.0,0.31,2.46,874.075,2006-01
TGT,12863.0,4230.0,1017.0,554.0,554.0,870.7,877.6,989.0,13556.0,26035.0,19614.0,1579.0,34749.0,9708.0,20379.0,14370.0,34749.0,554.0,527.0,-879.0,1351.0,-879.0,-352.0,14370.0,14370.0,0.33,2.42,868.3,2006-04
TGT,13347.0,4491.0,1134.0,609.0,609.0,860.8,867.2,477.0,13589.0,26647.0,20257.0,1577.0,35423.0,9660.0,21050.0,14373.0,35423.0,608.0,642.0,-1005.0,1504.0,-1005.0,-363.0,14373.0,14373.0,0.34,2.46,857.8,2006-07
TGT,13570.0,4497.0,957.0,506.0,506.0,857.8,864.4,451.0,15348.0,27563.0,20926.0,1593.0,37867.0,11921.0,23067.0,14800.0,37867.0,506.0,543.0,-1100.0,1347.0,-1100.0,-557.0,14800.0,14800.0,0.33,2.56,858.9,2006-10
TGT,19710.0,6166.0,1961.0,1119.0,1119.0,858.3,865.3,813.0,14706.0,28381.0,21431.0,1000.0,37349.0,11117.0,21716.0,15633.0,37349.0,1119.0,3150.0,-882.0,2363.0,-882.0,2268.0,15633.0,15421.0,0.31,2.39,859.771,2007-01
TGT,14041.0,4685.0,1200.0,651.0,651.0,855.9,862.8,969.0,14709.0,29233.0,22260.0,1315.0,38284.0,10097.0,22573.0,15711.0,38284.0,651.0,462.0,-1179.0,1592.0,-1179.0,-717.0,15711.0,15711.0,0.33,2.44,851.489,2007-04
TGT,14620.0,4924.0,1267.0,686.0,686.0,850.8,857.4,555.0,15132.0,30295.0,23027.0,1307.0,39466.0,11022.0,23512.0,15954.0,39466.0,686.0,741.0,-1168.0,1671.0,-1168.0,-427.0,15954.0,15954.0,0.34,2.47,847.8,2007-07
TGT,14835.0,4842.0,958.0,483.0,483.0,845.6,851.0,627.0,18334.0,31142.0,23606.0,1349.0,43289.0,13563.0,27129.0,16160.0,43289.0,484.0,383.0,-1018.0,1387.0,-1018.0,-635.0,16160.0,16160.0,0.33,2.68,845.0,2007-10
TGT,19871.0,6109.0,1846.0,1028.0,1028.0,829.2,834.3,2450.0,18906.0,31982.0,24095.0,1351.0,44560.0,11782.0,29253.0,15307.0,44560.0,1028.0,2539.0,-909.0,2280.0,-909.0,1630.0,15307.0,15099.0,0.31,2.91,818.738,2008-01
TGT,14802.0,4904.0,1158.0,602.0,602.0,805.5,809.6,620.0,16759.0,32743.0,24666.0,1405.0,42830.0,10959.0,28473.0,14357.0,42830.0,602.0,740.0,-948.0,1593.0,-948.0,-208.0,14357.0,14357.0,0.33,2.98,788.6,2008-04
TGT,15472.0,5168.0,1220.0,634.0,634.0,770.3,773.9,1527.0,18620.0,33578.0,25152.0,1368.0,45140.0,11359.0,31683.0,13457.0,45140.0,635.0,1014.0,-991.0,1669.0,-991.0,23.0,13457.0,13457.0,0.33,3.35,755.0,2008-07
TGT,15114.0,4984.0,867.0,369.0,369.0,753.5,756.6,918.0,20239.0,34323.0,25525.0,1277.0,47041.0,13496.0,33461.0,13580.0,47041.0,368.0,26.0,-862.0,1335.0,-862.0,-836.0,13580.0,13580.0,0.33,3.46,752.78,2008-10
TGT,19560.0,4126.0,1157.0,609.0,609.0,752.4,754.1,562.0,17488.0,34816.0,25756.0,862.0,44106.0,10512.0,30394.0,13712.0,44106.0,609.0,2650.0,-707.0,1631.0,-707.0,1943.0,13712.0,13712.0,0.21,3.22,752.673,2009-01
TGT,14833.0,4513.0,1026.0,522.0,522.0,752.2,753.0,1371.0,17551.0,34995.0,25800.0,861.0,44212.0,10249.0,30093.0,14119.0,44212.0,522.0,999.0,-534.0,1498.0,-534.0,465.0,14119.0,14119.0,0.3,3.13,752.28,2009-04
TGT,15067.0,4765.0,1151.0,594.0,594.0,752.0,754.4,957.0,17683.0,35255.0,25712.0,838.0,44233.0,9810.0,29631.0,14602.0,44233.0,594.0,1052.0,-484.0,1629.0,-484.0,568.0,14602.0,14602.0,0.32,3.03,751.9,2009-07
TGT,15276.0,4666.0,874.0,436.0,436.0,751.8,755.7,864.0,19583.0,35626.0,25591.0,805.0,45979.0,12398.0,31008.0,14971.0,45979.0,436.0,976.0,-397.0,1411.0,-397.0,579.0,14971.0,14971.0,0.31,3.07,752.2,2009-10
TGT,20181.0,5831.0,1622.0,936.0,936.0,752.0,756.3,583.0,18424.0,35765.0,25280.0,829.0,44533.0,11327.0,29186.0,15347.0,44533.0,936.0,2854.0,-281.0,2158.0,-281.0,2573.0,15347.0,15347.0,0.29,2.9,744.6,2010-01
TGT,15593.0,4901.0,1242.0,671.0,671.0,739.9,745.7,563.0,17222.0,35657.0,25212.0,889.0,43323.0,10197.0,27726.0,15597.0,43323.0,671.0,1158.0,-395.0,1758.0,-395.0,763.0,15597.0,15597.0,0.31,2.78,738.9,2010-04
TGT,15532.0,5025.0,1266.0,679.0,679.0,731.1,736.6,568.0,17245.0,36219.0,25401.0,1009.0,43655.0,10100.0,28387.0,15268.0,43655.0,679.0,670.0,-564.0,1762.0,-564.0,106.0,15268.0,15268.0,0.32,2.86,722.6,2010-07
TGT,20661.0,6036.0,1777.0,1035.0,1035.0,708.0,714.4,583.0,17213.0,37048.0,25493.0,999.0,43705.0,10070.0,28218.0,15487.0,43705.0,1035.0,2419.0,-489.0,2316.0,-489.0,1930.0,15487.0,15487.0,0.29,2.82,704.0,2011-01
TGT,15935.0,5009.0,1264.0,689.0,689.0,693.0,697.0,552.0,16368.0,36984.0,25648.0,980.0,42996.0,10838.0,27766.0,15230.0,42996.0,689.0,1052.0,-631.0,1776.0,-631.0,421.0,15230.0,15230.0,0.31,2.82,689.0,2011-04
TGT,16240.0,5282.0,1300.0,704.0,704.0,680.8,685.1,890.0,16059.0,39960.0,28373.0,1067.0,45499.0,11620.0,30393.0,15106.0,45499.0,704.0,1284.0,-1746.0,1810.0,-1746.0,-462.0,15106.0,15106.0,0.33,3.01,675.2,2011-07
TGT,16402.0,5128.0,1057.0,555.0,555.0,673.2,678.3,821.0,18372.0,41075.0,29040.0,1035.0,48447.0,14139.0,33183.0,15264.0,48447.0,555.0,639.0,-1366.0,1603.0,-1366.0,-727.0,15264.0,15264.0,0.31,3.17,671.4,2011-10
TGT,21288.0,6139.0,1700.0,981.0,981.0,669.8,674.9,794.0,16449.0,41531.0,29149.0,419.0,46630.0,14287.0,30809.0,15821.0,46630.0,981.0,2459.0,-588.0,2263.0,-588.0,1871.0,15821.0,15579.0,0.29,2.95,669.3,2012-01
TGT,16867.0,5206.0,1285.0,697.0,697.0,666.3,672.4,657.0,15591.0,41659.0,29508.0,1076.0,46175.0,12446.0,30312.0,15863.0,46175.0,697.0,1307.0,-828.0,1814.0,-828.0,479.0,15863.0,15863.0,0.31,2.91,661.0,2012-04
TGT,16779.0,5374.0,1255.0,704.0,704.0,656.7,662.9,612.0,16415.0,42316.0,29774.0,1136.0,47325.0,13329.0,31428.0,15897.0,47325.0,704.0,1164.0,-757.0,1786.0,-757.0,407.0,15897.0,15897.0,0.32,2.98,653.9,2012-07
TGT,16929.0,5254.0,1008.0,637.0,637.0,654.8,662.2,1469.0,18495.0,43051.0,30069.0,1015.0,49579.0,15709.0,33227.0,16352.0,49579.0,637.0,877.0,-718.0,1551.0,-718.0,159.0,16352.0,16352.0,0.31,3.03,654.5,2012-10
TGT,22726.0,6430.0,2032.0,961.0,961.0,648.9,655.8,784.0,16388.0,43964.0,30653.0,629.0,48163.0,14031.0,31605.0,16558.0,48163.0,1277.0,1977.0,23.0,2473.0,23.0,2000.0,16558.0,16334.0,0.28,2.91,645.294,2013-01
TGT,16706.0,5143.0,1017.0,498.0,498.0,642.1,649.5,1819.0,11857.0,44091.0,31074.0,1303.0,44234.0,11159.0,27714.0,16520.0,44234.0,498.0,3230.0,-882.0,1553.0,-882.0,2348.0,16520.0,16520.0,0.31,2.68,641.253,2013-04
TGT,17117.0,5372.0,1132.0,611.0,611.0,634.8,642.0,1018.0,11403.0,44888.0,31405.0,1354.0,44162.0,12616.0,28142.0,16020.0,44162.0,612.0,879.0,-987.0,1675.0,-987.0,-108.0,16020.0,16020.0,0.31,2.76,630.925,2013-07
TGT,17258.0,5125.0,703.0,341.0,341.0,631.3,637.4,706.0,13153.0,45635.0,31726.0,1494.0,46373.0,14551.0,30217.0,16156.0,46373.0,341.0,644.0,-897.0,1272.0,-897.0,-253.0,16156.0,16156.0,0.3,2.87,631.76,2013-10
TGT,20198.0,5600.0,1927.0,520.0,520.0,632.4,638.2,670.0,11573.0,40478.0,26412.0,5932.0,44553.0,12777.0,28322.0,16231.0,44553.0,1243.0,1767.0,950.0,2275.0,950.0,2717.0,16231.0,15900.0,0.28,2.74,632.931,2014-01
TGT,16657.0,4909.0,1022.0,418.0,418.0,633.3,638.2,715.0,11023.0,45522.0,31359.0,1660.0,44042.0,12040.0,27556.0,16486.0,44042.0,571.0,520.0,-466.0,1533.0,-466.0,54.0,16486.0,16486.0,0.29,2.67,633.613,2014-04
TGT,16957.0,5159.0,1023.0,234.0,234.0,633.5,638.4,803.0,11554.0,45868.0,31195.0,1706.0,44455.0,11336.0,28022.0,16433.0,44455.0,391.0,994.0,-371.0,1561.0,-371.0,623.0,16433.0,16433.0,0.3,2.71,633.645,2014-07
TGT,17254.0,5083.0,904.0,352.0,352.0,634.0,639.6,780.0,13838.0,46073.0,30886.0,1737.0,46461.0,13525.0,30088.0,16373.0,46461.0,527.0,536.0,-441.0,1439.0,-441.0,95.0,16373.0,16373.0,0.29,2.84,634.378,2014-10
TGT,21750.0,6188.0,1586.0,-2640.0,-2640.0,638.0,644.3,2210.0,13624.0,41045.0,25952.0,976.0,41172.0,11736.0,27175.0,13997.0,41172.0,960.0,2415.0,-413.0,2131.0,-413.0,2002.0,13997.0,13699.0,0.28,2.94,640.214,2015-01
TGT,17119.0,5208.0,1154.0,635.0,635.0,640.9,646.4,2768.0,13198.0,40753.0,25778.0,1470.0,40446.0,10648.0,26272.0,14174.0,40446.0,651.0,1611.0,-346.0,1694.0,-346.0,1265.0,14174.0,14174.0,0.3,2.85,638.409,2015-04
TGT,17427.0,5376.0,1330.0,753.0,753.0,635.8,641.0,2742.0,13358.0,41035.0,25583.0,1445.0,40386.0,11613.0,26444.0,13942.0,40386.0,773.0,1252.0,-351.0,1880.0,-351.0,901.0,13942.0,13942.0,0.31,2.9,630.446,2015-07
TGT,17613.0,5173.0,876.0,549.0,549.0,623.7,628.8,1977.0,15204.0,41393.0,25472.0,1020.0,41696.0,13858.0,28440.0,13256.0,41696.0,476.0,976.0,-411.0,1437.0,-411.0,565.0,13256.0,13256.0,0.29,3.15,618.604,2015-10
TGT,21626.0,5787.0,1549.0,1426.0,1426.0,610.3,615.5,1038.0,14130.0,41463.0,25217.0,330.0,40262.0,12622.0,27305.0,12957.0,40262.0,1421.0,2119.0,-302.0,2111.0,-302.0,1817.0,12957.0,12680.0,0.27,3.11,602.227,2016-01
TGT,16196.0,5011.0,1312.0,632.0,632.0,598.3,603.8,4036.0,13948.0,41109.0,25049.0,911.0,39908.0,12019.0,27363.0,12545.0,39908.0,614.0,247.0,-282.0,1858.0,-282.0,-35.0,12545.0,12545.0,0.31,3.18,593.584,2016-04
TGT,16169.0,4997.0,1248.0,680.0,680.0,582.2,586.8,1480.0,11503.0,41444.0,24934.0,851.0,37288.0,11003.0,25711.0,11577.0,37288.0,625.0,1241.0,-388.0,1818.0,-388.0,853.0,11577.0,11577.0,0.31,3.22,574.801,2016-07
TGT,16441.0,4905.0,1061.0,608.0,608.0,570.1,574.8,1231.0,12842.0,41848.0,24902.0,859.0,38603.0,12642.0,27534.0,11069.0,38603.0,608.0,1393.0,-491.0,1631.0,-491.0,902.0,11069.0,11069.0,0.3,3.49,563.677,2016-10
TGT,21466.0,6278.0,1243.0,814.0,814.0,559.9,564.5,2512.0,11990.0,42071.0,24658.0,179.0,37431.0,12707.0,26478.0,10953.0,37431.0,819.0,2563.0,-340.0,1875.0,-340.0,2223.0,10953.0,10694.0,0.29,3.42,556.156,2017-01
TGT,16223.0,5024.0,1155.0,678.0,678.0,552.4,555.2,2680.0,11739.0,41947.0,24682.0,797.0,37218.0,12392.0,26197.0,11021.0,37218.0,675.0,1305.0,-473.0,1736.0,-473.0,832.0,11021.0,11021.0,0.31,3.38,551.657,2017-04
TGT,16634.0,5215.0,1093.0,671.0,671.0,549.3,551.9,2291.0,11620.0,42432.0,24861.0,885.0,37366.0,12729.0,26268.0,11098.0,37366.0,670.0,1621.0,-708.0,1678.0,-708.0,913.0,11098.0,11098.0,0.31,3.37,546.183,2017-07
TGT,16874.0,5162.0,847.0,478.0,478.0,544.5,547.9,2725.0,14709.0,42992.0,25112.0,887.0,40708.0,15376.0,29571.0,11137.0,40708.0,475.0,1569.0,-841.0,1490.0,-841.0,728.0,11137.0,11137.0,0.31,3.66,543.913,2017-10
TGT,22983.0,6188.0,1129.0,1087.0,1087.0,541.1,545.8,737.0,12540.0,44818.0,26420.0,251.0,40303.0,13052.0,28652.0,11651.0,40303.0,1094.0,2440.0,-480.0,1796.0,-480.0,1960.0,11651.0,10942.0,0.27,3.46,541.682,2018-01
TGT,16781.0,5156.0,1041.0,718.0,718.0,536.9,541.0,1060.0,10876.0,44696.0,26725.0,1328.0,38929.0,12044.0,27771.0,11158.0,38929.0,717.0,514.0,-823.0,1672.0,-823.0,-309.0,11158.0,11158.0,0.31,3.49,532.917,2018-04
TGT,17776.0,5537.0,1133.0,799.0,799.0,531.7,536.3,1180.0,11503.0,45295.0,27148.0,1345.0,39996.0,14038.0,28829.0,11167.0,39996.0,799.0,2210.0,-1018.0,1736.0,-1018.0,1192.0,11167.0,11167.0,0.31,3.58,526.113,2018-07
TGT,17821.0,5286.0,819.0,622.0,622.0,525.9,531.2,825.0,14639.0,45984.0,27604.0,1329.0,43572.0,17590.0,32492.0,11080.0,43572.0,623.0,900.0,-993.0,1411.0,-993.0,-93.0,11080.0,11080.0,0.3,3.93,521.811,2018-10
TGT,22977.0,6078.0,1117.0,798.0,798.0,519.9,524.2,787.0,12519.0,46185.0,27498.0,194.0,41290.0,15014.0,29993.0,11297.0,41290.0,798.0,2349.0,-597.0,1765.0,-597.0,1752.0,11297.0,10598.0,0.26,3.65,517.762,2019-01
TGT,17627.0,5379.0,1135.0,795.0,795.0,515.7,519.5,1173.0,11607.0,46181.0,27725.0,1287.0,40619.0,13239.0,29502.0,11117.0,40619.0,795.0,323.0,-650.0,1779.0,-650.0,-327.0,11117.0,11117.0,0.31,3.65,512.312,2019-04
TGT,18422.0,5797.0,1324.0,938.0,938.0,512.1,516.1,1656.0,12119.0,46940.0,28074.0,1373.0,41566.0,14364.0,29730.0,11836.0,41566.0,938.0,2489.0,-734.0,1947.0,-734.0,1755.0,11836.0,11836.0,0.31,3.51,511.335,2019-07
TGT,18665.0,5730.0,1002.0,714.0,714.0,509.7,514.8,969.0,13805.0,47624.0,28535.0,1401.0,43741.0,16608.0,32196.0,11545.0,43741.0,714.0,1347.0,-990.0,1640.0,-990.0,357.0,11545.0,11545.0,0.31,3.79,506.678,2019-10
TGT,23399.0,6343.0,1198.0,834.0,834.0,506.1,512.0,767.0,12902.0,48183.0,28519.0,254.0,42779.0,14487.0,30946.0,11833.0,42779.0,834.0,2958.0,-590.0,1897.0,-590.0,2368.0,11833.0,11147.0,0.27,3.62,504.199,2020-01
TGT,19615.0,5105.0,468.0,284.0,284.0,501.0,505.8,4566.0,14615.0,47911.0,28824.0,1367.0,44806.0,14412.0,33637.0,11169.0,44806.0,284.0,1284.0,-745.0,1109.0,-745.0,539.0,11169.0,11169.0,0.26,4.01,499.92,2020-04
TGT,22975.0,7302.0,2300.0,1690.0,1690.0,500.1,504.4,7284.0,17623.0,48313.0,28972.0,1405.0,48000.0,15892.0,35422.0,12578.0,48000.0,1690.0,3832.0,-659.0,2904.0,-659.0,3173.0,12578.0,12578.0,0.32,3.82,500.253,2020-07
TGT,22632.0,7123.0,1935.0,1014.0,1014.0,500.6,505.4,5996.0,20309.0,48736.0,28981.0,1371.0,50661.0,19357.0,37342.0,13319.0,50661.0,1014.0,1928.0,-578.0,2538.0,-578.0,1350.0,13319.0,13319.0,0.31,3.8,500.755,2020-10
TGT,28339.0,7854.0,1836.0,1380.0,1380.0,500.6,506.0,867.0,20756.0,49384.0,29106.0,268.0,51248.0,20125.0,36808.0,14440.0,51248.0,1380.0,3481.0,-625.0,2473.0,-625.0,2856.0,14440.0,13772.0,0.28,3.55,500.877,2021-01
TGT,24197.0,7481.0,2374.0,2097.0,2097.0,498.6,503.4,7816.0,19931.0,48943.0,29166.0,1374.0,50471.0,18598.0,35512.0,14959.0,50471.0,2097.0,1139.0,-528.0,3041.0,-528.0,611.0,14959.0,14959.0,0.31,3.37,496.093,2021-04
TGT,25160.0,7880.0,2467.0,1817.0,1817.0,493.1,497.5,7368.0,20231.0,49880.0,29747.0,1407.0,51385.0,19422.0,36525.0,14860.0,51385.0,1817.0,2283.0,-795.0,3100.0,-795.0,1488.0,14860.0,14860.0,0.31,3.46,489.651,2021-07
TGT,25652.0,7446.0,2010.0,1488.0,1488.0,484.8,489.4,5753.0,22576.0,51056.0,30454.0,1381.0,54411.0,23351.0,40608.0,13803.0,54411.0,1488.0,2175.0,-1137.0,2662.0,-1137.0,1038.0,13803.0,13803.0,0.29,3.94,480.905,2021-10
TGT,30996.0,8235.0,2095.0,1544.0,1544.0,475.8,480.4,926.0,21573.0,51874.0,30737.0,375.0,53811.0,21747.0,40984.0,12827.0,53811.0,1544.0,3028.0,-1057.0,2785.0,-1057.0,1971.0,12827.0,12171.0,0.27,4.2,471.274,2022-01
TGT,25170.0,6709.0,1346.0,1009.0,1009.0,464.0,467.8,1112.0,17953.0,52526.0,31241.0,1648.0,50842.0,20724.0,40068.0,10774.0,50842.0,1009.0,-1394.0,-950.0,2025.0,-950.0,-2344.0,10774.0,10774.0,0.27,4.72,463.684,2022-04
TGT,26037.0,5895.0,321.0,183.0,183.0,461.5,463.6,1117.0,18453.0,54070.0,32362.0,1655.0,52470.0,22445.0,41878.0,10592.0,52470.0,183.0,1347.0,-1569.0,971.0,-1569.0,-222.0,10592.0,10592.0,0.23,4.95,460.236,2022-07
TGT,26518.0,6838.0,1022.0,712.0,712.0,460.3,462.5,954.0,20393.0,55530.0,33517.0,1705.0,55615.0,23783.0,44596.0,11019.0,55615.0,712.0,599.0,-1800.0,1697.0,-1800.0,-1201.0,11019.0,11019.0,0.26,5.05,460.298,2022-10
AAPL,2006.0,536.0,74.0,63.0,63.0,20297.2,20849.248,3724.0,6029.0,1221.0,684.0,151.0,6971.0,2382.0,2641.0,4330.0,6971.0,63.0,219.0,-44.0,107.0,-44.0,175.0,4330.0,4223.0,0.27,1.61,20650.6,2003-12
AAPL,1909.0,530.0,62.0,46.0,46.0,20459.432,21180.88,3158.0,5784.0,1254.0,687.0,158.0,6735.0,1980.0,2245.0,4490.0,6735.0,46.0,61.0,-35.0,98.0,-35.0,26.0,4490.0,4384.0,0.28,1.5,20879.9,2004-03
AAPL,2014.0,559.0,80.0,61.0,61.0,21001.288,21986.776,3120.0,6286.0,1252.0,684.0,154.0,7223.0,2155.0,2411.0,4812.0,7223.0,61.0,211.0,-38.0,121.0,-38.0,173.0,4812.0,4713.0,0.28,1.5,21570.8,2004-06
AAPL,2350.0,632.0,120.0,96.0,96.0,21478.352,22723.4,2969.0,7055.0,1298.0,707.0,191.0,8050.0,2651.0,2974.0,5076.0,8050.0,96.0,443.0,-59.0,160.0,-59.0,384.0,5076.0,4979.0,0.27,1.59,21920.8,2004-09
AAPL,3490.0,996.0,403.0,295.0,295.0,22092.896,23468.872,2475.0,8322.0,1352.0,735.0,209.0,9362.0,3224.0,3572.0,5790.0,9362.0,295.0,775.0,-58.0,444.0,-58.0,717.0,5790.0,5694.0,0.29,1.62,22654.7,2004-12
AAPL,3243.0,968.0,402.0,290.0,290.0,22628.816,23996.308,2254.0,9007.0,1370.0,742.0,249.0,10111.0,3352.0,3725.0,6386.0,10111.0,290.0,536.0,-43.0,443.0,-43.0,493.0,6386.0,6273.0,0.3,1.58,23047.8,2005-03
AAPL,3520.0,1044.0,426.0,319.0,319.0,22822.576,24102.484,3094.0,9376.0,1409.0,764.0,239.0,10488.0,3123.0,3667.0,6821.0,10488.0,315.0,472.0,-63.0,472.0,-63.0,409.0,6821.0,6712.0,0.3,1.54,23183.5,2005-06
AAPL,3678.0,1035.0,417.0,428.0,428.0,23000.936,24298.344,3491.0,10300.0,1481.0,817.0,303.0,11516.0,3487.0,4088.0,7428.0,11516.0,428.0,752.0,-96.0,468.0,-96.0,656.0,7428.0,7332.0,0.28,1.55,23380.5,2005-09
AAPL,5749.0,1564.0,750.0,565.0,565.0,23261.868,24477.796,4150.0,12162.0,1547.0,855.0,1071.0,14181.0,5060.0,5801.0,8380.0,14181.0,565.0,283.0,-82.0,802.0,-82.0,201.0,8380.0,8287.0,0.27,1.69,23677.3,2005-12
AAPL,4359.0,1297.0,529.0,410.0,410.0,23545.48,24599.036,6346.0,11286.0,1731.0,1005.0,1510.0,13911.0,4456.0,5229.0,8682.0,13911.0,410.0,-125.0,-193.0,579.0,-193.0,-318.0,8682.0,8572.0,0.3,1.6,23777.3,2006-03
AAPL,4370.0,1325.0,566.0,472.0,472.0,23838.5,24538.304,8013.0,12491.0,1954.0,1197.0,1351.0,15114.0,5023.0,5784.0,9330.0,15114.0,472.0,1007.0,-237.0,623.0,-237.0,770.0,9330.0,9255.0,0.3,1.62,23883.7,2006-06
AAPL,4837.0,1412.0,608.0,542.0,542.0,23910.74,24617.348,6392.0,14509.0,2075.0,1281.0,1238.0,17205.0,6443.0,7221.0,9984.0,17205.0,542.0,1055.0,-145.0,674.0,-145.0,910.0,9984.0,9807.0,0.29,1.72,23947.4,2006-09
AAPL,7115.0,2220.0,1322.0,1004.0,1004.0,24015.348,24732.316,7159.0,16664.0,2200.0,1362.0,1251.0,19461.0,7337.0,8233.0,11228.0,19461.0,1004.0,1813.0,-142.0,1396.0,-142.0,1671.0,11228.0,11044.0,0.31,1.73,24086.2,2006-12
AAPL,5264.0,1849.0,986.0,770.0,770.0,24164.084,24826.284,7095.0,16029.0,2304.0,1409.0,995.0,18711.0,5485.0,6450.0,12261.0,18711.0,770.0,734.0,-105.0,1055.0,-105.0,629.0,12261.0,11983.0,0.35,1.53,24218.5,2007-03
AAPL,5410.0,1995.0,1041.0,818.0,818.0,24270.568,24938.788,7118.0,18745.0,2562.0,1626.0,1001.0,21647.0,6992.0,8243.0,13404.0,21647.0,818.0,1227.0,-283.0,1122.0,-283.0,944.0,13404.0,13129.0,0.37,1.61,24349.9,2007-06
AAPL,6789.0,2088.0,1058.0,903.0,903.0,24384.64,25084.724,9352.0,21956.0,2841.0,1832.0,1222.0,25347.0,9280.0,10815.0,14532.0,25347.0,904.0,1696.0,-205.0,1151.0,-205.0,1491.0,14532.0,14195.0,0.31,1.74,24425.2,2007-09
AAPL,9608.0,3332.0,2126.0,1581.0,1581.0,24524.08,25201.512,9162.0,26189.0,2931.0,1870.0,1631.0,30039.0,10535.0,13235.0,16804.0,30039.0,1581.0,2787.0,-224.0,2232.0,-224.0,2563.0,16804.0,16455.0,0.35,1.79,24601.6,2007-12
AAPL,7512.0,2474.0,1315.0,1045.0,1045.0,24627.288,25181.212,9070.0,26736.0,3113.0,1962.0,1435.0,30471.0,9634.0,12418.0,18053.0,30471.0,1045.0,1193.0,-160.0,1431.0,-160.0,1033.0,18053.0,17715.0,0.33,1.69,24680.1,2008-03
AAPL,7464.0,2600.0,1392.0,1072.0,1072.0,24744.664,25288.676,9373.0,27998.0,3397.0,2177.0,1205.0,31709.0,9218.0,12087.0,19622.0,31709.0,1072.0,1321.0,-304.0,1509.0,-304.0,1017.0,19622.0,19293.0,0.35,1.62,24800.9,2008-06
AAPL,12907.0,4791.0,3494.0,2421.0,2421.0,24839.052,25353.216,11875.0,30006.0,3747.0,2455.0,839.0,36171.0,11361.0,13874.0,22297.0,36171.0,2421.0,4295.0,-403.0,3651.0,-403.0,3892.0,22297.0,21805.0,0.37,1.62,24890.2,2008-09
AAPL,11880.0,4507.0,3101.0,2255.0,2255.0,24895.976,25241.832,7236.0,35163.0,3997.0,2580.0,2062.0,42787.0,14757.0,19878.0,22909.0,42787.0,2255.0,3938.0,-339.0,3269.0,-339.0,3599.0,22909.0,22425.0,0.38,1.87,24931.6,2008-12
AAPL,9084.0,3627.0,2323.0,1620.0,1620.0,24953.04,25283.804,4466.0,33853.0,4097.0,2546.0,2498.0,43237.0,13751.0,18926.0,24311.0,43237.0,1620.0,841.0,-100.0,2504.0,-100.0,741.0,24311.0,23836.0,0.4,1.78,24979.1,2009-03
AAPL,9734.0,3983.0,2632.0,1828.0,1828.0,25023.936,25456.48,5605.0,35170.0,4222.0,2653.0,2952.0,48140.0,16661.0,22252.0,25888.0,48140.0,1828.0,2270.0,-246.0,2814.0,-246.0,2024.0,25888.0,25422.0,0.41,1.86,25080.6,2009-06
AAPL,12207.0,5105.0,3684.0,2532.0,2532.0,25144.812,25602.444,5263.0,31555.0,4667.0,2954.0,2011.0,47501.0,11506.0,15861.0,31640.0,47501.0,2532.0,3110.0,-459.0,3887.0,-459.0,2651.0,31640.0,31187.0,0.42,1.5,25194.6,2009-09
AAPL,15683.0,6411.0,4725.0,3378.0,3378.0,25299.176,25753.924,7609.0,33332.0,4986.0,3115.0,1961.0,53926.0,13097.0,18158.0,35768.0,53926.0,3378.0,5781.0,-376.0,4934.0,-376.0,5405.0,35768.0,35274.0,0.41,1.51,25375.9,2009-12
AAPL,13499.0,5625.0,3979.0,3074.0,3074.0,25411.344,25840.584,10018.0,32336.0,5555.0,3504.0,1925.0,57057.0,12229.0,17709.0,39348.0,57057.0,3074.0,2330.0,-274.0,4195.0,-274.0,2056.0,39348.0,38605.0,0.42,1.45,25469.8,2010-03
AAPL,15700.0,6136.0,4234.0,3253.0,3253.0,25541.516,25966.108,9705.0,36033.0,6228.0,3990.0,2119.0,64725.0,15612.0,21614.0,43111.0,64725.0,3253.0,4801.0,-595.0,4507.0,-595.0,4206.0,43111.0,42079.0,0.39,1.5,25577.5,2010-06
AAPL,20343.0,7512.0,5447.0,4308.0,4308.0,25607.624,26007.1,11261.0,41678.0,7234.0,4768.0,2263.0,75183.0,20722.0,27392.0,47791.0,75183.0,4308.0,5683.0,-760.0,5776.0,-760.0,4923.0,47791.0,46708.0,0.37,1.57,25647.2,2010-09
AAPL,26741.0,10298.0,7827.0,6004.0,6004.0,25740.232,26128.312,10734.0,43927.0,8635.0,5868.0,2954.0,86742.0,23795.0,32076.0,54666.0,86742.0,6004.0,9773.0,-1214.0,8183.0,-1214.0,8559.0,54666.0,53403.0,0.39,1.59,25789.2,2010-12
AAPL,24667.0,10218.0,7874.0,5987.0,5987.0,25849.488,26206.432,15978.0,46997.0,9416.0,6241.0,3885.0,94904.0,24327.0,33427.0,61477.0,94904.0,5987.0,6219.0,-624.0,8308.0,-624.0,5595.0,61477.0,60229.0,0.41,1.54,25890.9,2011-03
AAPL,28571.0,11922.0,9379.0,7308.0,7308.0,25931.024,26258.68,12091.0,46898.0,10348.0,6749.0,3440.0,106758.0,26859.0,37415.0,69343.0,106758.0,7308.0,11108.0,-777.0,9860.0,-777.0,10331.0,69343.0,67433.0,0.42,1.54,25953.3,2011-06
AAPL,28270.0,11380.0,8710.0,6623.0,6623.0,25991.868,26306.448,9815.0,44988.0,11768.0,7777.0,3556.0,116371.0,27970.0,39756.0,76615.0,116371.0,6623.0,10429.0,-1645.0,9253.0,-1645.0,8784.0,76615.0,72183.0,0.4,1.52,26019.8,2011-09
AAPL,46333.0,20703.0,17340.0,13064.0,13064.0,26069.148,26364.016,10310.0,54771.0,12340.0,7816.0,4281.0,138681.0,34607.0,48627.0,90054.0,138681.0,13064.0,17554.0,-1321.0,18061.0,-1321.0,16233.0,90054.0,85686.0,0.45,1.54,26102.0,2011-12
AAPL,39186.0,18564.0,15384.0,11622.0,11622.0,26140.296,26457.004,10121.0,50712.0,13941.0,8847.0,4992.0,150934.0,32036.0,48436.0,102498.0,150934.0,11622.0,13977.0,-1457.0,16124.0,-1457.0,12520.0,102498.0,97753.0,0.47,1.47,26179.5,2012-03
AAPL,35023.0,14994.0,11573.0,8824.0,8824.0,26224.688,26517.652,7945.0,51943.0,16205.0,10487.0,5438.0,162896.0,33060.0,51150.0,111746.0,162896.0,8824.0,10189.0,-2056.0,12408.0,-2056.0,8133.0,111746.0,106285.0,0.43,1.46,26243.4,2012-06
AAPL,35966.0,14401.0,10944.0,8223.0,8223.0,26271.168,26546.768,10746.0,57653.0,21887.0,15452.0,5478.0,176064.0,38542.0,57854.0,118210.0,176064.0,8223.0,9136.0,-3461.0,11925.0,-3461.0,5675.0,118210.0,112851.0,0.4,1.49,26297.8,2012-09
AAPL,54512.0,21060.0,17210.0,13078.0,13078.0,26289.648,26522.076,16154.0,72348.0,23214.0,15422.0,5183.0,196088.0,46879.0,68742.0,127346.0,196088.0,13078.0,23426.0,-2317.0,18798.0,-2317.0,21109.0,127346.0,121503.0,0.39,1.54,26291.2,2012-12
AAPL,43603.0,16349.0,12558.0,9547.0,9547.0,26309.612,26488.98,12053.0,63337.0,24194.0,15026.0,5294.0,194743.0,35508.0,59253.0,135490.0,194743.0,9547.0,12504.0,-2008.0,14250.0,-2008.0,10496.0,135490.0,129954.0,0.37,1.44,26322.6,2013-03
AAPL,35323.0,13024.0,9201.0,6900.0,6900.0,25721.292,25879.416,11248.0,68219.0,26889.0,16327.0,5421.0,199856.0,36319.0,76502.0,123354.0,199856.0,6900.0,7828.0,-1885.0,10895.0,-1885.0,5943.0,123354.0,117479.0,0.37,1.62,25436.4,2013-06
AAPL,37472.0,13871.0,10030.0,7512.0,7512.0,25316.552,25455.684,14259.0,73286.0,28519.0,16597.0,5146.0,207000.0,43658.0,83451.0,123549.0,207000.0,7512.0,9908.0,-1955.0,11813.0,-1955.0,7953.0,123549.0,117793.0,0.37,1.68,25178.0,2013-09
AAPL,57594.0,21846.0,17463.0,13072.0,13072.0,25090.016,25240.644,14077.0,80347.0,29288.0,15488.0,5091.0,225184.0,53769.0,95500.0,129684.0,225184.0,13072.0,22670.0,-1985.0,19607.0,-1985.0,20685.0,129684.0,123557.0,0.38,1.74,24991.5,2013-12
AAPL,45646.0,17947.0,13593.0,10223.0,10223.0,24493.208,24626.796,18949.0,70541.0,30406.0,15120.0,5106.0,205989.0,43208.0,85810.0,120179.0,205989.0,10223.0,13538.0,-1382.0,15480.0,-1382.0,12156.0,120179.0,114196.0,0.39,1.71,24128.9,2014-03
AAPL,37432.0,14735.0,10282.0,7748.0,7748.0,24050.54,24206.844,12977.0,67949.0,34453.0,17585.0,4160.0,222520.0,46205.0,101580.0,120940.0,222520.0,7748.0,10255.0,-2378.0,12228.0,-2378.0,7877.0,120940.0,114799.0,0.39,1.84,23956.7,2014-06
AAPL,42123.0,16009.0,11165.0,8467.0,8467.0,23735.388,23888.324,13844.0,68531.0,39015.0,20624.0,3764.0,231839.0,63448.0,120292.0,111547.0,231839.0,8467.0,13250.0,-3826.0,13134.0,-3826.0,9424.0,111547.0,102789.0,0.38,2.08,23464.6,2014-09
AAPL,74599.0,29741.0,24246.0,18024.0,18024.0,23372.328,23527.212,19478.0,83403.0,40747.0,20392.0,3608.0,261894.0,73611.0,138566.0,123328.0,261894.0,18024.0,33722.0,-3217.0,26821.0,-3217.0,30505.0,123328.0,114329.0,0.4,2.12,23305.7,2014-12
AAPL,58010.0,23656.0,18278.0,13569.0,13569.0,23175.196,23339.432,14489.0,67891.0,42460.0,20151.0,3937.0,261194.0,58729.0,132188.0,129006.0,261194.0,13569.0,19081.0,-2369.0,20757.0,-2369.0,16712.0,129006.0,120234.0,0.41,2.02,23049.1,2015-03
AAPL,49605.0,19681.0,14083.0,10677.0,10677.0,22919.544,23092.396,15319.0,70953.0,45544.0,21149.0,4081.0,273151.0,65285.0,147474.0,125677.0,273151.0,10677.0,14988.0,-2043.0,17167.0,-2043.0,12945.0,125677.0,116854.0,0.4,2.17,22821.6,2015-06
AAPL,51501.0,20548.0,14623.0,11124.0,11124.0,22587.672,22730.064,21120.0,89378.0,49257.0,22471.0,5422.0,290345.0,80610.0,170990.0,119355.0,290345.0,11124.0,13475.0,-3618.0,17742.0,-3618.0,9857.0,119355.0,110346.0,0.4,2.43,22315.0,2015-09
AAPL,75872.0,30423.0,24171.0,18361.0,18361.0,22235.72,22376.508,16689.0,76219.0,51342.0,22300.0,7974.0,293284.0,76092.0,165017.0,128267.0,293284.0,18361.0,27463.0,-3612.0,27125.0,-3612.0,23851.0,128267.0,119141.0,0.4,2.29,22177.9,2015-12
AAPL,50557.0,19921.0,13987.0,10516.0,10516.0,22057.524,22163.544,21514.0,87592.0,54051.0,23203.0,7745.0,305277.0,68265.0,174820.0,130457.0,305277.0,10516.0,11601.0,-2336.0,16464.0,-2336.0,9265.0,130457.0,121365.0,0.39,2.34,21913.8,2016-03
AAPL,42358.0,16106.0,10105.0,7796.0,7796.0,21772.232,21891.124,18237.0,93761.0,57991.0,25448.0,7862.0,305602.0,71486.0,179061.0,126541.0,305602.0,7796.0,10634.0,-2809.0,12631.0,-2809.0,7825.0,126541.0,117774.0,0.38,2.42,21572.7,2016-06
AAPL,46852.0,17813.0,11761.0,9014.0,9014.0,21467.648,21573.324,20484.0,106869.0,61245.0,27010.0,8757.0,321686.0,79006.0,193437.0,128249.0,321686.0,9014.0,16533.0,-3977.0,14309.0,-3977.0,12556.0,128249.0,119629.0,0.38,2.51,21344.7,2016-09
AAPL,78351.0,30176.0,23359.0,17891.0,17891.0,21194.644,21311.98,16371.0,103332.0,62759.0,26510.0,7390.0,331141.0,84130.0,198751.0,132390.0,331141.0,17891.0,27234.0,-3334.0,26346.0,-3334.0,23900.0,132390.0,124119.0,0.39,2.5,21021.7,2016-12
AAPL,52896.0,20591.0,14097.0,11029.0,11029.0,20903.164,21046.752,15157.0,101990.0,65124.0,27163.0,7549.0,334532.0,73342.0,200450.0,134082.0,334532.0,11029.0,12570.0,-2975.0,16429.0,-2975.0,9595.0,134082.0,125992.0,0.39,2.49,20823.3,2017-03
AAPL,45408.0,17488.0,10768.0,8717.0,8717.0,20780.352,20933.996,18571.0,112875.0,68981.0,29286.0,10150.0,345173.0,81302.0,212748.0,132425.0,345173.0,8717.0,8672.0,-2277.0,13122.0,-2277.0,6395.0,132425.0,124320.0,0.39,2.61,20679.1,2017-06
AAPL,52579.0,19931.0,13120.0,10714.0,10714.0,20597.708,20734.344,20289.0,128645.0,75076.0,33783.0,18177.0,375319.0,100814.0,241272.0,134047.0,375319.0,10714.0,15749.0,-3865.0,15604.0,-3865.0,11884.0,134047.0,134047.0,0.38,2.8,20504.8,2017-09
AAPL,88293.0,33912.0,26274.0,20065.0,20065.0,20451.508,20631.148,27491.0,143810.0,77110.0,33679.0,13323.0,406794.0,115788.0,266595.0,140199.0,406794.0,20065.0,28293.0,-2810.0,29019.0,-2810.0,25483.0,140199.0,132161.0,0.38,2.9,20326.6,2017-12
AAPL,61137.0,23422.0,15894.0,13822.0,13822.0,20099.508,20273.972,45059.0,130053.0,80502.0,35077.0,23086.0,367502.0,89320.0,240624.0,126878.0,367502.0,13822.0,15130.0,-4195.0,18633.0,-4195.0,10935.0,126878.0,126878.0,0.38,2.9,19773.1,2018-03
AAPL,53265.0,20421.0,12612.0,11519.0,11519.0,19528.668,19706.436,31971.0,115761.0,85368.0,38117.0,22546.0,349197.0,88548.0,234248.0,114949.0,349197.0,11519.0,14488.0,-3267.0,15277.0,-3267.0,11221.0,114949.0,114949.0,0.38,3.04,19371.7,2018-06
AAPL,62900.0,24084.0,16118.0,14125.0,14125.0,19206.36,19390.184,25913.0,131339.0,90403.0,41304.0,22283.0,365725.0,115929.0,258578.0,107147.0,365725.0,14125.0,19523.0,-3041.0,18872.0,-3041.0,16482.0,107147.0,107147.0,0.38,3.41,19019.9,2018-09
AAPL,84310.0,32031.0,23346.0,19965.0,19965.0,18943.28,19093.008,44771.0,140828.0,91526.0,39597.0,34686.0,373719.0,108283.0,255827.0,117892.0,373719.0,19965.0,26690.0,-3355.0,26741.0,-3355.0,23335.0,117892.0,117892.0,0.38,3.17,18919.2,2018-12
AAPL,58015.0,21821.0,13415.0,11561.0,11561.0,18696.284,18802.584,37988.0,123346.0,93036.0,38746.0,34587.0,341998.0,93772.0,236138.0,105860.0,341998.0,11561.0,11155.0,-2363.0,16455.0,-2363.0,8792.0,105860.0,105860.0,0.38,3.23,18429.1,2019-03
AAPL,53809.0,20227.0,11544.0,10044.0,10044.0,18282.532,18405.52,50530.0,134973.0,93984.0,37636.0,33634.0,322239.0,89704.0,225783.0,96456.0,322239.0,10044.0,11636.0,-2000.0,14477.0,-2000.0,9636.0,96456.0,96456.0,0.38,3.34,18125.6,2019-06
AAPL,64040.0,24313.0,15625.0,13686.0,13686.0,17963.244,18081.496,48844.0,162819.0,95957.0,37378.0,32978.0,338516.0,105718.0,248028.0,90488.0,338516.0,13686.0,19910.0,-2777.0,18804.0,-2777.0,17133.0,90488.0,90488.0,0.38,3.74,17772.9,2019-09
AAPL,91819.0,35217.0,25569.0,22236.0,22236.0,17660.16,17818.417,39771.0,163231.0,97990.0,37031.0,40457.0,340618.0,102161.0,251087.0,89531.0,340618.0,22236.0,30516.0,-2107.0,28385.0,-2107.0,28409.0,89531.0,89531.0,0.38,3.8,17536.1,2019-12
AAPL,58313.0,22370.0,12853.0,11249.0,11249.0,17440.402,17618.765,40174.0,143753.0,98743.0,35889.0,41965.0,320400.0,96094.0,241975.0,78425.0,320400.0,11249.0,13311.0,-1853.0,15639.0,-1853.0,11458.0,78425.0,78425.0,0.38,4.09,17295.9,2020-03
AAPL,59685.0,22680.0,13091.0,11253.0,11253.0,17250.291,17419.154,33383.0,140065.0,100917.0,35687.0,41000.0,317344.0,95318.0,245062.0,72282.0,317344.0,11253.0,16271.0,-1565.0,15843.0,-1565.0,14706.0,72282.0,72282.0,0.38,4.39,17135.8,2020-06
AAPL,64698.0,24689.0,14775.0,12673.0,12673.0,17057.624,17256.522,38016.0,143713.0,103526.0,36766.0,42522.0,323888.0,105392.0,258549.0,65339.0,323888.0,12673.0,20576.0,-1784.0,17477.0,-1784.0,18792.0,65339.0,65339.0,0.38,4.96,16976.8,2020-09
AAPL,111439.0,44328.0,33534.0,28755.0,28755.0,16935.119,17113.688,36010.0,154106.0,105493.0,37933.0,43270.0,354054.0,132507.0,287830.0,66224.0,354054.0,28755.0,38763.0,-3500.0,36200.0,-3500.0,35263.0,66224.0,66224.0,0.4,5.35,16823.3,2020-12
AAPL,89584.0,38079.0,27503.0,23630.0,23630.0,16753.476,16929.157,38466.0,121465.0,107280.0,37815.0,43339.0,337158.0,106385.0,267980.0,69178.0,337158.0,23630.0,23981.0,-2269.0,30300.0,-2269.0,21712.0,69178.0,69178.0,0.43,4.87,16686.3,2021-03
AAPL,81434.0,35255.0,24126.0,21744.0,21744.0,16629.371,16781.735,34050.0,114423.0,108857.0,38615.0,44854.0,329840.0,107754.0,265560.0,64280.0,329840.0,21744.0,21094.0,-2093.0,26958.0,-2093.0,19001.0,64280.0,64280.0,0.43,5.13,16556.9,2021-06
AAPL,83360.0,35174.0,23786.0,20551.0,20551.0,16487.12,16635.095,34940.0,134836.0,109723.0,39440.0,48849.0,351002.0,125481.0,287912.0,63090.0,351002.0,20551.0,20200.0,-3223.0,26775.0,-3223.0,16977.0,63090.0,63090.0,0.42,5.56,16426.8,2021-09
AAPL,123945.0,54243.0,41488.0,34630.0,34630.0,16391.724,16519.291,37119.0,153154.0,107699.0,39245.0,50109.0,381191.0,147574.0,309259.0,71932.0,381191.0,34630.0,46966.0,-2803.0,44185.0,-2803.0,44163.0,71932.0,71932.0,0.44,5.3,16334.4,2021-12
AAPL,97278.0,42559.0,29979.0,25010.0,25010.0,16278.802,16403.316,28098.0,118180.0,109324.0,39304.0,51959.0,350662.0,127508.0,283263.0,67399.0,350662.0,25010.0,28166.0,-2514.0,32716.0,-2514.0,25652.0,67399.0,67399.0,0.44,5.2,16207.6,2022-03
AAPL,82959.0,35885.0,23076.0,19442.0,19442.0,16162.945,16262.203,27502.0,112292.0,111851.0,40335.0,52605.0,336309.0,129873.0,278202.0,58107.0,336309.0,19442.0,22892.0,-2102.0,25881.0,-2102.0,20790.0,58107.0,58107.0,0.43,5.79,16095.4,2022-06
AAPL,90146.0,38095.0,24894.0,20721.0,20721.0,16030.38,16118.465,23646.0,135405.0,114457.0,42117.0,54428.0,352755.0,153982.0,302083.0,50672.0,352755.0,20721.0,24127.0,-3289.0,27759.0,-3289.0,20838.0,50672.0,50672.0,0.42,6.96,15943.4,2022-09
WMT,57224.0,13306.0,3090.0,1861.0,1861.0,4386.0,4395.0,2468.0,31348.0,67757.0,52266.0,3542.0,96473.0,32222.0,56273.0,40200.0,96473.0,1830.0,2653.0,-1996.0,3978.0,-1996.0,657.0,40200.0,30883.0,0.23,2.4,4378.92,2003-04
WMT,63232.0,14934.0,3792.0,2444.0,2444.0,4378.0,4388.0,4472.0,32153.0,71001.0,54516.0,2544.0,98786.0,32833.0,56192.0,42594.0,98786.0,2282.0,3665.0,-2650.0,4746.0,-2650.0,1015.0,42594.0,33021.0,0.24,2.32,4369.2,2003-07
WMT,63035.0,14743.0,3399.0,2028.0,2028.0,4362.0,4372.0,3312.0,36790.0,73447.0,56202.0,2383.0,104821.0,39225.0,62649.0,42172.0,104821.0,2028.0,1492.0,-2757.0,4370.0,-2757.0,-1265.0,42172.0,32726.0,0.23,2.49,4328.0,2003-10
WMT,75190.0,16951.0,4746.0,2721.0,2721.0,4327.0,4337.0,5199.0,34421.0,76380.0,59023.0,2079.0,105405.0,37840.0,61782.0,43623.0,105405.0,2721.0,8186.0,-2905.0,5785.0,-2905.0,5281.0,43623.0,33741.0,0.23,2.42,4311.0,2004-01
WMT,65443.0,15474.0,3605.0,2166.0,2166.0,4294.0,4302.0,3828.0,34753.0,78791.0,60467.0,2226.0,107580.0,41066.0,65196.0,42384.0,107580.0,2166.0,867.0,-2645.0,4642.0,-2645.0,-1778.0,42384.0,32250.0,0.24,2.54,4269.0,2004-04
WMT,70459.0,16926.0,4404.0,2651.0,2651.0,4264.0,4272.0,4709.0,35616.0,81322.0,62087.0,2232.0,110059.0,43007.0,66915.0,43144.0,110059.0,2651.0,4006.0,-3049.0,5435.0,-3049.0,957.0,43144.0,33020.0,0.24,2.55,4243.0,2004-07
WMT,69282.0,16715.0,3784.0,2286.0,2286.0,4242.0,4249.0,4639.0,40977.0,84886.0,64543.0,2378.0,118089.0,47016.0,73203.0,44886.0,118089.0,2286.0,2575.0,-3566.0,4877.0,-3566.0,-991.0,44886.0,34695.0,0.24,2.63,4235.0,2004-10
WMT,79078.0,18316.0,5507.0,3164.0,3164.0,4238.0,4242.0,5488.0,38854.0,88593.0,68118.0,2379.0,120154.0,43182.0,70758.0,49396.0,120154.0,3379.0,7596.0,-3543.0,6531.0,-3543.0,4053.0,49396.0,38593.0,0.23,2.43,4234.0,2005-01
WMT,71680.0,17109.0,3941.0,2461.0,2461.0,4228.0,4234.0,4955.0,39641.0,88882.0,69303.0,2485.0,122215.0,49168.0,75024.0,47191.0,122215.0,2461.0,2513.0,-2772.0,5073.0,-2772.0,-259.0,47191.0,36405.0,0.24,2.59,4182.0,2005-04
WMT,76697.0,18608.0,4730.0,2805.0,2805.0,4175.0,4180.0,5673.0,40393.0,92008.0,71639.0,2320.0,124765.0,49165.0,77044.0,47721.0,124765.0,2904.0,3955.0,-3683.0,5883.0,-3683.0,272.0,47721.0,37308.0,0.24,2.61,4163.0,2005-07
WMT,75397.0,18072.0,4098.0,2374.0,2374.0,4165.0,4169.0,4535.0,44924.0,94867.0,73984.0,2424.0,131799.0,50315.0,81881.0,49918.0,131799.0,2422.0,1646.0,-3925.0,5272.0,-3925.0,-2279.0,49918.0,39451.0,0.24,2.64,4163.0,2005-10
WMT,89252.0,20870.0,5893.0,3591.0,3591.0,4165.0,4170.0,6193.0,43825.0,100929.0,77865.0,4400.0,138187.0,48825.0,85016.0,53171.0,138187.0,3621.0,10127.0,-4150.0,7079.0,-4150.0,5977.0,53171.0,41074.0,0.23,2.6,4165.0,2006-01
WMT,79676.0,19439.0,4495.0,2615.0,2615.0,4167.0,4170.0,5858.0,43532.0,103963.0,81458.0,2593.0,140485.0,51865.0,87171.0,53314.0,140485.0,2660.0,3740.0,-2953.0,5789.0,-2953.0,787.0,53314.0,40412.0,0.24,2.64,4167.78,2006-04
WMT,85430.0,20845.0,5104.0,2083.0,2083.0,4168.0,4172.0,6386.0,46172.0,106380.0,83182.0,2165.0,144788.0,54139.0,88416.0,56372.0,144788.0,2985.0,3520.0,-3765.0,6452.0,-3765.0,-245.0,56372.0,43103.0,0.24,2.57,4169.03,2006-07
WMT,84467.0,20702.0,4465.0,2647.0,2647.0,4169.0,4173.0,5908.0,49623.0,112494.0,86022.0,2217.0,151119.0,58163.0,92356.0,58763.0,151119.0,2594.0,2805.0,-4437.0,5836.0,-4437.0,-1632.0,58763.0,45506.0,0.25,2.57,4168.03,2006-10
WMT,98796.0,23404.0,6432.0,3939.0,3939.0,4152.0,4156.0,7767.0,46982.0,115190.0,88440.0,2406.0,151587.0,52148.0,90014.0,61573.0,151587.0,3950.0,10170.0,-4117.0,7878.0,-4117.0,6053.0,61573.0,47814.0,0.24,2.46,4131.0,2007-01
WMT,86410.0,21099.0,4850.0,2826.0,2826.0,4122.0,4128.0,6563.0,47579.0,118417.0,90284.0,2974.0,155422.0,54700.0,95511.0,59911.0,155422.0,2826.0,1847.0,-2987.0,6338.0,-2987.0,-1140.0,59911.0,45326.0,0.24,2.59,4108.78,2007-04
WMT,92999.0,22410.0,5283.0,2952.0,2952.0,4102.0,4108.0,6094.0,46387.0,122169.0,92948.0,2959.0,156949.0,55250.0,94663.0,62286.0,156949.0,3072.0,4351.0,-3665.0,6855.0,-3665.0,686.0,62286.0,47631.0,0.24,2.52,4068.23,2007-07
WMT,91865.0,22614.0,4961.0,2857.0,2857.0,4051.0,4056.0,4950.0,50912.0,126465.0,96131.0,3123.0,165064.0,60349.0,101985.0,63079.0,165064.0,2855.0,3425.0,-3766.0,6557.0,-3766.0,-341.0,63079.0,48181.0,0.25,2.62,4004.81,2007-10
WMT,105890.0,26826.0,6876.0,4096.0,4096.0,3988.0,3997.0,5492.0,48020.0,127992.0,96867.0,2748.0,163514.0,58478.0,98906.0,64608.0,163514.0,4516.0,11019.0,-3562.0,8537.0,-3562.0,7457.0,64608.0,48729.0,0.25,2.53,3973.0,2008-01
WMT,94940.0,23568.0,5317.0,3022.0,3022.0,3957.0,3967.0,8072.0,50295.0,130505.0,97625.0,2943.0,167483.0,61102.0,104253.0,63230.0,167483.0,3151.0,3779.0,-2321.0,6945.0,-2321.0,1458.0,63230.0,46610.0,0.25,2.65,3943.72,2008-04
WMT,102342.0,25224.0,5813.0,3449.0,3449.0,3945.0,3958.0,6907.0,49534.0,132438.0,98202.0,2759.0,166895.0,54904.0,100102.0,66793.0,166895.0,3531.0,6385.0,-2261.0,7551.0,-2261.0,4124.0,66793.0,50393.0,0.25,2.5,3933.98,2008-07
WMT,98345.0,24724.0,5292.0,3138.0,3138.0,3931.0,3944.0,5920.0,52856.0,130593.0,96545.0,3026.0,167843.0,60600.0,102304.0,65539.0,167843.0,3145.0,262.0,-2813.0,6980.0,-2813.0,-2551.0,65539.0,50123.0,0.25,2.56,3922.55,2008-10
WMT,108627.0,26797.0,6346.0,3773.0,3773.0,3924.0,3936.0,7275.0,48949.0,131161.0,95653.0,3567.0,163429.0,55390.0,95953.0,67476.0,163429.0,3907.0,12721.0,-3390.0,8031.0,-3390.0,9331.0,67476.0,52216.0,0.25,2.42,3915.12,2009-01
WMT,94242.0,23854.0,5217.0,3022.0,3022.0,3920.0,3930.0,6578.0,47746.0,132866.0,96104.0,3358.0,162090.0,56399.0,97899.0,64191.0,162090.0,3147.0,3571.0,-2475.0,6917.0,-2475.0,1096.0,64191.0,49309.0,0.25,2.53,3915.12,2009-04
WMT,100876.0,25820.0,5929.0,3472.0,3472.0,3891.0,3900.0,7997.0,49025.0,138653.0,100187.0,3581.0,168942.0,57196.0,99794.0,69148.0,168942.0,3560.0,6324.0,-3137.0,7686.0,-3137.0,3187.0,69148.0,52999.0,0.26,2.44,3856.83,2009-07
WMT,99373.0,25458.0,5442.0,3144.0,3144.0,3851.0,3861.0,6003.0,51948.0,140770.0,101221.0,3603.0,172934.0,59179.0,102982.0,69952.0,172934.0,3265.0,2545.0,-3141.0,7240.0,-3141.0,-596.0,69952.0,53790.0,0.26,2.47,3810.17,2009-10
WMT,113622.0,28882.0,7458.0,4758.0,4758.0,3803.0,3817.0,7907.0,48032.0,143517.0,102307.0,3942.0,170407.0,55543.0,97452.0,72955.0,170407.0,4990.0,13809.0,-3299.0,9360.0,-3299.0,10510.0,72955.0,56829.0,0.25,2.34,3786.0,2010-01
WMT,99811.0,25193.0,5737.0,3301.0,3301.0,3765.0,3781.0,8516.0,51674.0,145524.0,102928.0,3910.0,174371.0,64512.0,105444.0,68927.0,174371.0,3444.0,973.0,-2440.0,7601.0,-2440.0,-1467.0,68927.0,53068.0,0.25,2.53,3736.0,2010-04
WMT,103726.0,26288.0,6190.0,3596.0,3596.0,3696.0,3707.0,10195.0,53045.0,147843.0,103814.0,4092.0,176944.0,65655.0,109725.0,67219.0,176944.0,3747.0,9046.0,-2988.0,8074.0,-2988.0,6058.0,67219.0,51226.0,0.25,2.63,3655.0,2010-07
WMT,101952.0,26133.0,5611.0,3436.0,3436.0,3617.0,3631.0,10616.0,59568.0,151516.0,106542.0,4194.0,186890.0,68407.0,118503.0,68387.0,186890.0,3590.0,2246.0,-3649.0,7498.0,-3649.0,-1403.0,68387.0,51801.0,0.26,2.73,3583.0,2010-10
WMT,116360.0,29289.0,8004.0,6056.0,6056.0,3548.0,3562.0,7395.0,52012.0,154489.0,107878.0,4129.0,180782.0,58603.0,109127.0,71655.0,180782.0,5178.0,11378.0,-3133.0,10010.0,-3133.0,8245.0,71655.0,54892.0,0.25,2.52,3516.0,2011-01
WMT,104189.0,26012.0,5896.0,3399.0,3399.0,3497.0,3513.0,9400.0,55958.0,157830.0,109144.0,4068.0,186065.0,62051.0,117650.0,68415.0,186065.0,3578.0,1974.0,-2295.0,7881.0,-2295.0,-321.0,68415.0,51520.0,0.25,2.72,3479.0,2011-04
WMT,109366.0,27596.0,6383.0,3801.0,3801.0,3472.0,3485.0,8102.0,55414.0,160087.0,111590.0,5120.0,193656.0,64624.0,120380.0,73276.0,193656.0,3937.0,7734.0,-3264.0,8425.0,-3264.0,4470.0,73276.0,51744.0,0.25,2.64,3462.0,2011-07
WMT,110226.0,27635.0,5878.0,3336.0,3336.0,3445.0,3458.0,7063.0,59271.0,157498.0,110392.0,4967.0,195039.0,67339.0,123275.0,71764.0,195039.0,3501.0,3206.0,-3630.0,7918.0,-3630.0,-424.0,71764.0,51355.0,0.25,2.72,3437.0,2011-10
WMT,122728.0,30273.0,8334.0,5163.0,5163.0,3421.0,3435.0,6550.0,54975.0,160938.0,112324.0,5456.0,193406.0,62300.0,117241.0,76165.0,193406.0,5392.0,11341.0,-3741.0,10373.0,-3741.0,7600.0,76165.0,55514.0,0.25,2.54,3418.0,2012-01
WMT,113010.0,27832.0,6387.0,3742.0,3742.0,3409.0,3425.0,8117.0,57276.0,164307.0,113472.0,5349.0,197100.0,68978.0,122709.0,74391.0,197100.0,3894.0,5434.0,-2325.0,8493.0,-2325.0,3109.0,74391.0,53388.0,0.25,2.65,3395.0,2012-04
WMT,114282.0,28639.0,6698.0,4016.0,4016.0,3384.0,3398.0,7935.0,56259.0,165778.0,113647.0,5674.0,195661.0,68315.0,120520.0,75141.0,195661.0,4161.0,6161.0,-3039.0,8825.0,-3039.0,3122.0,75141.0,55060.0,0.25,2.6,3372.0,2012-07
WMT,113800.0,28330.0,6093.0,3635.0,3635.0,3364.0,3379.0,8643.0,63431.0,168911.0,115253.0,6562.0,205818.0,76845.0,126725.0,79093.0,205818.0,3786.0,4312.0,-3214.0,8164.0,-3214.0,1098.0,79093.0,58521.0,0.25,2.6,3358.0,2012-10
WMT,127776.0,31705.0,8580.0,5606.0,5606.0,3341.0,3356.0,7781.0,59940.0,171724.0,116681.0,5987.0,203105.0,71818.0,120848.0,82257.0,203105.0,5863.0,9684.0,-3788.0,10754.0,-3788.0,5896.0,82257.0,61760.0,0.25,2.47,3314.0,2013-01
WMT,114070.0,28079.0,6438.0,3784.0,3784.0,3301.0,3318.0,8855.0,60176.0,172980.0,116431.0,5846.0,202187.0,73552.0,125797.0,76390.0,202187.0,3932.0,4894.0,-2933.0,8625.0,-2933.0,1961.0,76390.0,56656.0,0.25,2.65,3287.0,2013-04
WMT,116830.0,29410.0,6777.0,4069.0,4069.0,3278.0,3291.0,9016.0,60002.0,173849.0,115994.0,5693.0,200969.0,72214.0,123788.0,77181.0,200969.0,4205.0,6357.0,-3021.0,8992.0,-3021.0,3336.0,77181.0,57901.0,0.25,2.6,3266.0,2013-07
WMT,115688.0,29001.0,6310.0,3738.0,3738.0,3257.0,3271.0,8736.0,67142.0,176635.0,117227.0,5778.0,209876.0,77021.0,129862.0,80014.0,209876.0,3870.0,2069.0,-3031.0,8508.0,-3031.0,-962.0,80014.0,60285.0,0.25,2.62,3242.0,2013-10
WMT,129706.0,31735.0,7347.0,4431.0,4431.0,3239.0,3253.0,7281.0,61185.0,178678.0,117907.0,6149.0,204751.0,69345.0,121921.0,82830.0,204751.0,4544.0,9937.0,-3403.0,9617.0,-3403.0,6534.0,82830.0,63320.0,0.24,2.47,3233.0,2014-01
WMT,114960.0,28246.0,6193.0,3593.0,3593.0,3233.0,3248.0,6012.0,59687.0,180260.0,117643.0,5901.0,202746.0,67942.0,124547.0,78199.0,202746.0,3711.0,5939.0,-2109.0,8443.0,-2109.0,3830.0,78199.0,58684.0,0.25,2.59,3230.0,2014-04
WMT,120125.0,30115.0,6740.0,4093.0,4093.0,3230.0,3241.0,6184.0,59632.0,183524.0,118723.0,5872.0,203985.0,67152.0,121162.0,82823.0,203985.0,4089.0,5961.0,-2914.0,9017.0,-2914.0,3047.0,82823.0,63065.0,0.25,2.46,3227.0,2014-07
WMT,119001.0,29754.0,6265.0,3711.0,3711.0,3229.0,3240.0,6718.0,65841.0,183126.0,117492.0,5668.0,207889.0,71560.0,123836.0,84053.0,207889.0,3826.0,3570.0,-2761.0,8619.0,-2761.0,809.0,84053.0,65165.0,0.25,2.47,3227.0,2014-10
WMT,131565.0,32450.0,7949.0,4966.0,4966.0,3227.0,3243.0,9135.0,63278.0,182634.0,116655.0,5455.0,203490.0,65253.0,117553.0,85937.0,203490.0,5188.0,13094.0,-3820.0,10241.0,-3820.0,9274.0,85937.0,67835.0,0.25,2.37,3228.0,2015-01
WMT,114826.0,28343.0,5680.0,3341.0,3341.0,3231.0,3243.0,7759.0,62133.0,183493.0,115685.0,5398.0,200747.0,69624.0,120757.0,79990.0,200747.0,3283.0,4446.0,-2135.0,7999.0,-2135.0,2311.0,79990.0,62459.0,0.25,2.51,3227.0,2015-04
WMT,120229.0,30173.0,6069.0,3475.0,3475.0,3221.0,3231.0,5751.0,58132.0,186093.0,116511.0,6178.0,198620.0,65262.0,116496.0,82124.0,198620.0,3635.0,5656.0,-2622.0,8408.0,-2622.0,3034.0,82124.0,64325.0,0.25,2.42,3215.0,2015-07
WMT,117408.0,29962.0,5714.0,3304.0,3304.0,3210.0,3219.0,6990.0,65112.0,187608.0,116956.0,6025.0,205144.0,70492.0,122514.0,82630.0,205144.0,3414.0,4903.0,-3104.0,8079.0,-3104.0,1799.0,82630.0,65579.0,0.26,2.48,3210.0,2015-10
WMT,129667.0,32668.0,6642.0,4574.0,4574.0,3165.0,3175.0,8705.0,60239.0,188054.0,116516.0,6131.0,199581.0,64619.0,115970.0,83611.0,199581.0,4748.0,12547.0,-2981.0,9073.0,-2981.0,9566.0,83611.0,66916.0,0.25,2.39,3162.0,2016-01
WMT,115904.0,29360.0,5275.0,3079.0,3079.0,3144.0,3154.0,7597.0,59097.0,189963.0,116494.0,6363.0,198705.0,70282.0,120947.0,77758.0,198705.0,3216.0,6193.0,-2120.0,7663.0,-2120.0,4073.0,77758.0,61007.0,0.25,2.56,3125.0,2016-04
WMT,120854.0,31369.0,6165.0,3773.0,3773.0,3109.0,3119.0,7676.0,58232.0,190140.0,115410.0,7905.0,197886.0,68122.0,118742.0,79144.0,197886.0,3889.0,8738.0,-2239.0,8682.0,-2239.0,6499.0,79144.0,62805.0,0.26,2.5,3097.0,2016-07
WMT,118179.0,30695.0,5119.0,3034.0,3034.0,3089.0,3100.0,5939.0,63401.0,191149.0,115088.0,10576.0,206857.0,74130.0,126382.0,80475.0,206857.0,3202.0,4850.0,-2317.0,7588.0,-2317.0,2533.0,80475.0,62683.0,0.26,2.57,3079.0,2016-10
WMT,130936.0,33193.0,6205.0,3757.0,3757.0,3062.0,3076.0,6867.0,57689.0,191129.0,114178.0,9921.0,198825.0,66928.0,118290.0,80535.0,198825.0,3986.0,11892.0,-3487.0,8911.0,-3487.0,8405.0,80535.0,63498.0,0.25,2.47,3048.0,2017-01
WMT,117542.0,29854.0,5237.0,3039.0,3039.0,3035.0,3047.0,6545.0,57336.0,192929.0,114169.0,10638.0,199718.0,74193.0,123604.0,76114.0,199718.0,3152.0,5385.0,-1794.0,7788.0,-1794.0,3591.0,76114.0,58539.0,0.25,2.62,3023.0,2017-04
WMT,123355.0,31834.0,5969.0,2899.0,2899.0,3008.0,3021.0,6469.0,56763.0,196126.0,115353.0,11413.0,201566.0,72811.0,122520.0,79046.0,201566.0,3104.0,5975.0,-2417.0,8587.0,-2417.0,3558.0,79046.0,61009.0,0.26,2.55,2993.0,2017-07
WMT,123179.0,31632.0,4764.0,1749.0,1749.0,2981.0,2996.0,7026.0,65368.0,197744.0,115299.0,10543.0,209414.0,80435.0,130508.0,78906.0,209414.0,1904.0,5700.0,-2396.0,7422.0,-2396.0,3304.0,78906.0,60702.0,0.26,2.65,2968.0,2017-10
WMT,136267.0,33627.0,4467.0,2175.0,2175.0,2956.0,2977.0,6756.0,59664.0,197857.0,114818.0,11798.0,204522.0,78521.0,123700.0,80822.0,204522.0,2363.0,11277.0,-3066.0,7169.0,-3066.0,8211.0,80822.0,62580.0,0.25,2.53,2952.0,2018-01
WMT,122690.0,30983.0,5154.0,2134.0,2134.0,2950.0,2967.0,7885.0,59242.0,199764.0,114800.0,12035.0,204927.0,80757.0,126603.0,78324.0,204927.0,2276.0,5161.0,-1620.0,7832.0,-1620.0,3541.0,78324.0,59474.0,0.25,2.62,2951.0,2018-04
WMT,128028.0,32457.0,5750.0,-861.0,-861.0,2946.0,2946.0,15840.0,66370.0,195069.0,111017.0,10835.0,206062.0,71683.0,132250.0,73812.0,206062.0,-727.0,5934.0,-2457.0,8404.0,-2457.0,3477.0,73812.0,55972.0,0.25,2.79,2935.0,2018-07
WMT,124894.0,31778.0,4986.0,1710.0,1710.0,2924.0,2941.0,9174.0,69446.0,197176.0,111349.0,14744.0,226583.0,85751.0,147114.0,79469.0,226583.0,1817.0,6213.0,-2629.0,7601.0,-2629.0,3584.0,79469.0,48425.0,0.25,2.85,2912.71,2018-10
WMT,138793.0,33886.0,6067.0,3687.0,3687.0,2896.0,2912.0,7722.0,61897.0,192888.0,111395.0,14822.0,219295.0,77477.0,139661.0,79634.0,219295.0,3813.0,10445.0,-3119.0,8798.0,-3119.0,7326.0,79634.0,48453.0,0.24,2.75,2900.0,2019-01
WMT,123925.0,30891.0,4945.0,3842.0,3842.0,2869.0,2886.0,9255.0,61739.0,125241.0,125241.0,16148.0,234544.0,79888.0,159634.0,74910.0,234544.0,3906.0,3563.0,-2163.0,7659.0,-2163.0,1400.0,74910.0,43494.0,0.25,3.13,2862.0,2019-04
WMT,130377.0,32454.0,5583.0,3610.0,3610.0,2853.0,2869.0,9283.0,61371.0,125862.0,125862.0,16174.0,234861.0,80283.0,157730.0,77131.0,234861.0,3680.0,7622.0,-2580.0,8305.0,-2580.0,5042.0,77131.0,45677.0,0.25,3.04,2847.0,2019-07
WMT,127991.0,32091.0,4718.0,3288.0,3288.0,2843.0,2861.0,8606.0,67912.0,125425.0,125425.0,15777.0,239830.0,83784.0,161523.0,78307.0,239830.0,3321.0,3354.0,-2804.0,7441.0,-2804.0,550.0,78307.0,47591.0,0.25,3.06,2839.0,2019-10
WMT,141671.0,33923.0,5322.0,4141.0,4141.0,2835.0,2856.0,9465.0,61806.0,216869.0,127049.0,16567.0,236495.0,77790.0,154943.0,81552.0,236495.0,4294.0,10716.0,-2837.0,8150.0,-2837.0,7879.0,81552.0,50479.0,0.24,2.9,2800.0,2020-01
WMT,134622.0,32596.0,5224.0,3990.0,3990.0,2831.0,2849.0,14930.0,63328.0,123378.0,123378.0,16770.0,232892.0,82647.0,158782.0,74110.0,232892.0,4074.0,7017.0,-1692.0,8015.0,-1692.0,5325.0,74110.0,44694.0,0.24,3.14,2832.0,2020-04
WMT,137742.0,35053.0,6059.0,6476.0,6476.0,2832.0,2848.0,16906.0,64996.0,122894.0,122894.0,19950.0,237382.0,81957.0,156185.0,81197.0,237382.0,6439.0,11939.0,-1794.0,8830.0,-1794.0,10145.0,81197.0,51655.0,0.25,2.92,2834.0,2020-07
WMT,134708.0,34369.0,5778.0,5135.0,5135.0,2833.0,2849.0,14325.0,73602.0,124289.0,124289.0,22736.0,250863.0,88121.0,163359.0,87504.0,250863.0,5201.0,3924.0,-2853.0,8549.0,-2853.0,1071.0,87504.0,57268.0,0.26,2.87,2831.0,2020-10
WMT,152079.0,36818.0,5487.0,-2091.0,-2091.0,2828.0,2841.0,17741.0,90067.0,198218.0,109848.0,23598.0,252496.0,92645.0,164965.0,87531.0,252496.0,-2008.0,13194.0,-3710.0,8306.0,-3710.0,9484.0,87531.0,58548.0,0.24,2.88,2821.0,2021-01
WMT,138310.0,35038.0,6909.0,2730.0,2730.0,2815.0,2829.0,22846.0,76591.0,108625.0,108625.0,22493.0,236581.0,80841.0,151989.0,84592.0,236581.0,2811.0,2858.0,-2142.0,9570.0,-2142.0,716.0,84592.0,55720.0,0.25,2.8,2805.0,2021-04
WMT,141048.0,35865.0,7354.0,4276.0,4276.0,2799.0,2812.0,22831.0,78243.0,109598.0,109598.0,21552.0,238552.0,81122.0,151425.0,87127.0,238552.0,4364.0,9565.0,-2701.0,9995.0,-2701.0,6864.0,87127.0,57968.0,0.25,2.74,2791.0,2021-07
WMT,140525.0,35502.0,5792.0,3105.0,3105.0,2785.0,2797.0,16111.0,82964.0,110331.0,110331.0,22633.0,244851.0,87620.0,154094.0,90757.0,244851.0,3132.0,3868.0,-3455.0,8442.0,-3455.0,413.0,90757.0,61834.0,0.25,2.7,2778.0,2021-10
WMT,152871.0,37349.0,5887.0,3562.0,3562.0,2771.0,2781.0,14760.0,81070.0,207433.0,112624.0,22152.0,244860.0,87379.0,152969.0,91891.0,244860.0,3633.0,7890.0,-4414.0,8593.0,-4414.0,3476.0,91891.0,62877.0,0.24,2.66,2761.0,2022-01
WMT,141569.0,34722.0,5318.0,2054.0,2054.0,2754.0,2765.0,11817.0,83220.0,113217.0,113217.0,20267.0,246142.0,96530.0,160282.0,85860.0,246142.0,2103.0,-3758.0,-3504.0,7998.0,-3504.0,-7262.0,85860.0,56422.0,0.25,2.87,2748.0,2022-04
WMT,152859.0,37021.0,6854.0,5149.0,5149.0,2736.0,2745.0,13923.0,84164.0,114392.0,114392.0,19979.0,247199.0,99899.0,161352.0,85847.0,247199.0,5147.0,12998.0,-3916.0,9553.0,-3916.0,9082.0,85847.0,57183.0,0.24,2.88,2722.0,2022-07
WMT,152813.0,37200.0,2695.0,-1798.0,-1798.0,2711.0,2711.0,11587.0,87680.0,115544.0,115544.0,16295.0,247656.0,101408.0,167273.0,80383.0,247656.0,-1767.0,6458.0,-4515.0,5450.0,-4515.0,1943.0,80383.0,52246.0,0.24,3.08,2714.24,2022-10
JNJ,9821.0,7099.0,2910.0,2070.0,2070.0,2968.4,3018.5,3061.0,20471.0,14899.0,8799.0,3299.0,41994.0,11457.0,17958.0,24036.0,41994.0,2070.0,2036.0,-405.0,3356.0,-405.0,1631.0,24036.0,14611.0,0.72,1.75,2968.89,2003-03
JNJ,10332.0,7366.0,2888.0,1210.0,1210.0,2967.7,3015.9,2968.0,21375.0,15565.0,9064.0,3504.0,45653.0,12836.0,21216.0,24437.0,45653.0,1211.0,1657.0,-176.0,3310.0,-176.0,1481.0,24437.0,12727.0,0.71,1.87,2968.89,2003-06
JNJ,10455.0,7475.0,2870.0,2072.0,2072.0,2968.0,3008.3,3850.0,22146.0,16054.0,9245.0,3589.0,46659.0,12782.0,20921.0,25738.0,46659.0,2071.0,3350.0,-557.0,3349.0,-557.0,2793.0,25738.0,14059.0,0.71,1.81,2967.98,2003-09
JNJ,11254.0,7746.0,2203.0,1845.0,1845.0,2968.0,3535.179,5377.0,22995.0,17052.0,9846.0,3883.0,48263.0,13448.0,21394.0,26869.0,48263.0,1845.0,3552.0,-789.0,2725.0,-789.0,2763.0,26869.0,15330.0,0.69,1.8,2967.97,2003-12
JNJ,11559.0,8192.0,3457.0,2493.0,2493.0,2967.8,3004.6,5637.0,24364.0,17104.0,9669.0,3393.0,48868.0,12449.0,20374.0,28494.0,48868.0,2493.0,2655.0,-243.0,3959.0,-243.0,2412.0,28494.0,17052.0,0.71,1.72,2967.56,2004-03
JNJ,11484.0,8322.0,3429.0,2458.0,2458.0,2968.2,3005.3,5681.0,24657.0,17257.0,9557.0,4152.0,50171.0,12062.0,20119.0,30052.0,50171.0,2458.0,2126.0,-238.0,3954.0,-238.0,1888.0,30052.0,18247.0,0.72,1.67,2967.77,2004-06
JNJ,11553.0,8366.0,3314.0,2341.0,2341.0,2968.1,3009.0,7348.0,26816.0,17632.0,9595.0,3950.0,52089.0,12329.0,20576.0,31513.0,52089.0,2341.0,3889.0,-426.0,3793.0,-426.0,3463.0,31513.0,19785.0,0.72,1.65,2968.42,2004-09
JNJ,12752.0,8994.0,2157.0,888.0,888.0,2968.1,2968.1,9203.0,27320.0,18664.0,10436.0,3719.0,53317.0,13927.0,21504.0,31813.0,53317.0,888.0,2419.0,-1304.0,2775.0,-1304.0,1115.0,31813.0,19971.0,0.71,1.68,2971.02,2004-12
JNJ,12832.0,9336.0,3825.0,2839.0,2839.0,2972.1,3023.7,8539.0,28766.0,18666.0,10237.0,3625.0,54446.0,12981.0,20792.0,33654.0,54446.0,2839.0,2635.0,-320.0,4340.0,-320.0,2315.0,33654.0,21836.0,0.73,1.62,2972.39,2005-03
JNJ,12762.0,9240.0,3437.0,2588.0,2588.0,2973.7,3024.7,12156.0,28720.0,18672.0,10091.0,3547.0,54553.0,11640.0,19384.0,35169.0,54553.0,2588.0,2014.0,-477.0,3985.0,-477.0,1537.0,35169.0,22974.0,0.72,1.55,2974.2,2005-06
JNJ,12310.0,8956.0,3256.0,2538.0,2538.0,2974.6,3006.2,14825.0,30576.0,19086.0,10227.0,3685.0,56574.0,12047.0,19727.0,36847.0,56574.0,2538.0,3987.0,-836.0,3779.0,-836.0,3151.0,36847.0,24761.0,0.73,1.54,2975.01,2005-09
JNJ,12610.0,8972.0,2313.0,2095.0,2095.0,2984.825,2986.74,16055.0,31480.0,19716.0,10830.0,4379.0,58864.0,12635.0,20154.0,38710.0,58864.0,2095.0,3163.0,-1186.0,2820.0,-1186.0,1977.0,38710.0,26535.0,0.71,1.52,2974.48,2005-12
JNJ,12992.0,9380.0,3753.0,3305.0,3305.0,2974.5,2992.7,16822.0,33752.0,20151.0,10951.0,4532.0,62133.0,13192.0,21010.0,41123.0,62133.0,3305.0,3474.0,-445.0,4274.0,-445.0,3029.0,41123.0,28225.0,0.72,1.51,2972.49,2006-03
JNJ,13363.0,9575.0,3396.0,2820.0,2820.0,2954.0,2974.4,14647.0,31514.0,20965.0,11287.0,4915.0,60990.0,12189.0,20248.0,40742.0,60990.0,2820.0,2356.0,-588.0,3942.0,-588.0,1768.0,40742.0,27468.0,0.72,1.5,2933.99,2006-06
JNJ,13287.0,9637.0,3627.0,2760.0,2760.0,2920.0,2948.1,14491.0,31286.0,21490.0,11462.0,5159.0,61238.0,12063.0,20665.0,40573.0,61238.0,2760.0,4135.0,-696.0,4166.0,-696.0,3439.0,40573.0,27242.0,0.73,1.51,2904.32,2006-09
JNJ,13682.0,9675.0,2933.0,2168.0,2168.0,2912.411,2939.183,4083.0,22975.0,24028.0,13044.0,5849.0,70556.0,19161.0,31238.0,39318.0,70556.0,2168.0,4283.0,-498.0,3504.0,-498.0,3785.0,39318.0,10630.0,0.71,1.79,2893.23,2006-12
JNJ,15037.0,10652.0,4198.0,2573.0,2573.0,2894.2,2924.3,5175.0,24673.0,24239.0,13180.0,5982.0,73066.0,19663.0,32138.0,40928.0,73066.0,2573.0,3837.0,-272.0,4820.0,-272.0,3565.0,40928.0,11697.0,0.71,1.79,2894.02,2007-03
JNJ,15131.0,10773.0,3878.0,3081.0,3081.0,2895.1,2922.5,5571.0,25804.0,24930.0,13385.0,6328.0,74683.0,18983.0,31561.0,43122.0,74683.0,3081.0,2897.0,-608.0,4561.0,-608.0,2289.0,43122.0,13956.0,0.71,1.73,2893.82,2007-06
JNJ,14970.0,10696.0,3963.0,2548.0,2548.0,2887.7,2912.9,6640.0,28941.0,25699.0,13613.0,6603.0,78665.0,19328.0,35092.0,43573.0,78665.0,2548.0,4191.0,-711.0,4560.0,-711.0,3480.0,43573.0,14065.0,0.71,1.81,2861.75,2007-09
JNJ,15957.0,11223.0,3174.0,2374.0,2374.0,2855.6,2884.9,7770.0,29945.0,26466.0,14185.0,8059.0,80954.0,19837.0,37635.0,43319.0,80954.0,2374.0,4097.0,-1137.0,4049.0,-1137.0,2960.0,43319.0,14556.0,0.7,1.87,2840.22,2007-12
JNJ,16194.0,11580.0,4745.0,3598.0,3598.0,2832.3,2866.3,10539.0,33818.0,27415.0,14486.0,8258.0,85995.0,22071.0,40370.0,45625.0,85995.0,3598.0,3236.0,-479.0,5411.0,-479.0,2757.0,45625.0,16192.0,0.72,1.88,2817.53,2008-03
JNJ,16450.0,11699.0,4256.0,3327.0,3327.0,2809.8,2844.8,12646.0,35817.0,27989.0,14627.0,8468.0,88113.0,21780.0,41678.0,46435.0,88113.0,3327.0,2842.0,-687.0,4939.0,-687.0,2155.0,46435.0,17234.0,0.71,1.9,2796.42,2008-06
JNJ,15921.0,11147.0,4091.0,3310.0,3310.0,2790.9,2831.3,14018.0,36590.0,27601.0,14355.0,8208.0,87724.0,22730.0,41990.0,45734.0,87724.0,3310.0,4893.0,-772.0,4859.0,-772.0,4121.0,45734.0,17163.0,0.7,1.92,2774.57,2008-09
JNJ,15182.0,10810.0,3077.0,2714.0,2714.0,2774.3,2799.0,10768.0,34377.0,27392.0,14365.0,8475.0,84912.0,20852.0,42401.0,42511.0,84912.0,2714.0,4001.0,-1128.0,3792.0,-1128.0,2873.0,42511.0,14816.0,0.71,2.0,2765.8,2008-12
JNJ,15026.0,10775.0,4649.0,3507.0,3507.0,2765.9,2789.8,12589.0,34839.0,27521.0,14253.0,8068.0,86100.0,21325.0,42309.0,43791.0,86100.0,3507.0,2827.0,-435.0,5325.0,-435.0,2392.0,43791.0,14868.0,0.72,1.97,2755.57,2009-03
JNJ,15239.0,10789.0,4354.0,3208.0,3208.0,2756.2,2782.0,11686.0,35494.0,28411.0,14502.0,8552.0,87438.0,19886.0,41191.0,46247.0,87438.0,3208.0,3363.0,-567.0,5033.0,-567.0,2796.0,46247.0,17375.0,0.71,1.89,2754.34,2009-06
JNJ,15081.0,10647.0,4263.0,3345.0,3345.0,2756.3,2793.0,11856.0,35602.0,29452.0,14815.0,9469.0,91558.0,19245.0,41174.0,50384.0,91558.0,3345.0,5094.0,-519.0,4938.0,-519.0,4575.0,50384.0,18731.0,0.71,1.82,2758.02,2009-09
JNJ,16551.0,11239.0,3397.0,2206.0,2206.0,2758.0,2792.7,15810.0,39541.0,29251.0,14759.0,9197.0,94682.0,21731.0,44094.0,50588.0,94682.0,2206.0,5287.0,-844.0,4141.0,-844.0,4443.0,50588.0,19403.0,0.68,1.87,2754.32,2009-12
JNJ,15631.0,11103.0,4767.0,4526.0,4526.0,2755.4,2797.3,13743.0,38861.0,28963.0,14277.0,8527.0,93441.0,18499.0,40527.0,52914.0,93441.0,4526.0,3690.0,-295.0,5501.0,-295.0,3395.0,52914.0,21138.0,0.71,1.77,2757.83,2010-03
JNJ,15330.0,10700.0,4296.0,3449.0,3449.0,2756.6,2796.0,12713.0,39023.0,28499.0,13881.0,8309.0,92300.0,17164.0,39449.0,52851.0,92300.0,3449.0,3837.0,-493.0,5007.0,-493.0,3344.0,52851.0,21764.0,0.7,1.75,2754.14,2010-06
JNJ,14982.0,10388.0,4022.0,3417.0,3417.0,2751.6,2786.4,14338.0,42717.0,29927.0,14360.0,8727.0,98247.0,17414.0,40956.0,57291.0,98247.0,3417.0,5034.0,-528.0,4747.0,-528.0,4506.0,57291.0,24848.0,0.69,1.71,2747.71,2010-09
JNJ,15644.0,10604.0,3442.0,1942.0,1942.0,2743.0,2779.2,19355.0,47307.0,30426.0,14553.0,9038.0,102908.0,23072.0,46329.0,56579.0,102908.0,1942.0,3824.0,-959.0,4211.0,-959.0,2865.0,56579.0,24569.0,0.68,1.82,2738.1,2010-12
JNJ,16173.0,11395.0,4601.0,3476.0,3476.0,2738.4,2772.7,22356.0,49221.0,31805.0,15084.0,9032.0,108150.0,24011.0,48287.0,59863.0,108150.0,3476.0,2316.0,-315.0,5356.0,-315.0,2001.0,59863.0,25050.0,0.7,1.81,2738.45,2011-03
JNJ,16597.0,11425.0,4328.0,2776.0,2776.0,2740.5,2781.3,14974.0,52673.0,32435.0,14974.0,9846.0,112114.0,20985.0,49982.0,62132.0,112114.0,2776.0,3909.0,-596.0,5105.0,-596.0,3313.0,62132.0,27511.0,0.69,1.8,2740.58,2011-06
JNJ,16005.0,10933.0,3920.0,3202.0,3202.0,2737.0,2778.2,15617.0,53443.0,31736.0,14635.0,9469.0,111821.0,21686.0,50294.0,61527.0,111821.0,3202.0,4622.0,-711.0,4703.0,-711.0,3911.0,61527.0,27253.0,0.68,1.82,2732.25,2011-09
JNJ,16255.0,10917.0,3304.0,218.0,218.0,2728.5,2768.4,24542.0,54316.0,31829.0,14739.0,10313.0,113644.0,22811.0,56564.0,57080.0,113644.0,218.0,3451.0,-1128.0,4147.0,-1128.0,2323.0,57080.0,22804.0,0.67,1.99,2724.36,2011-12
JNJ,16139.0,11224.0,4564.0,3910.0,3910.0,2736.9,2774.9,30267.0,57007.0,32550.0,14824.0,9867.0,116194.0,21198.0,54828.0,61366.0,116194.0,3910.0,2795.0,-502.0,5337.0,-502.0,2293.0,61366.0,26870.0,0.7,1.89,2745.72,2012-03
JNJ,16475.0,11332.0,4601.0,1408.0,1408.0,2747.4,2798.2,14042.0,41615.0,33297.0,15622.0,7902.0,115750.0,23848.0,55316.0,60434.0,115750.0,1408.0,4245.0,-598.0,5453.0,-598.0,3647.0,60434.0,9823.0,0.69,1.92,2750.56,2012-06
JNJ,17052.0,11455.0,4304.0,2968.0,2968.0,2757.4,2818.1,15486.0,44791.0,34082.0,15845.0,7748.0,118951.0,23935.0,55190.0,63761.0,118951.0,2629.0,4980.0,-682.0,5309.0,-682.0,4298.0,63761.0,13194.0,0.67,1.87,2762.56,2012-09
JNJ,17558.0,11555.0,3563.0,2567.0,2567.0,2771.9,2835.4,14911.0,46116.0,34654.0,16097.0,7958.0,121347.0,24262.0,56521.0,64826.0,121347.0,2567.0,3376.0,-1152.0,4599.0,-1152.0,2224.0,64826.0,13650.0,0.66,1.87,2778.49,2012-12
JNJ,17505.0,11951.0,4944.0,3497.0,3497.0,2790.2,2858.8,14855.0,47228.0,34695.0,15721.0,8229.0,121536.0,22524.0,54681.0,66855.0,121536.0,3497.0,2277.0,-586.0,5980.0,-586.0,1691.0,66855.0,16497.0,0.68,1.82,2803.16,2013-03
JNJ,17877.0,12388.0,5066.0,3833.0,3833.0,2809.7,2893.0,17307.0,51273.0,35401.0,15794.0,7217.0,124325.0,23767.0,54660.0,69665.0,124325.0,3833.0,5051.0,-771.0,6056.0,-771.0,4280.0,69665.0,19624.0,0.69,1.78,2814.19,2013-06
JNJ,17575.0,12231.0,4875.0,2982.0,2982.0,2818.4,2881.2,17204.0,52176.0,36432.0,16127.0,7311.0,126933.0,25835.0,57129.0,69804.0,126933.0,2982.0,5947.0,-809.0,5851.0,-809.0,5138.0,69804.0,18485.0,0.7,1.82,2820.66,2013-09
JNJ,18355.0,12400.0,4072.0,3519.0,3519.0,2820.0,2871.0,20927.0,56407.0,37133.0,16710.0,8821.0,132683.0,25675.0,58630.0,74053.0,132683.0,3519.0,4139.0,-1429.0,5174.0,-1429.0,2710.0,74053.0,23308.0,0.68,1.79,2820.63,2013-12
JNJ,18115.0,12660.0,5646.0,4727.0,4727.0,2826.8,2874.7,19722.0,57369.0,36248.0,15996.0,10144.0,133330.0,23840.0,56748.0,76582.0,133330.0,4727.0,3923.0,-630.0,6659.0,-630.0,3293.0,76582.0,26761.0,0.7,1.74,2827.64,2014-03
JNJ,19495.0,13456.0,5970.0,4326.0,4326.0,2826.4,2874.2,14236.0,60119.0,36947.0,16155.0,9815.0,135200.0,24359.0,57152.0,78048.0,135200.0,4326.0,5529.0,-837.0,6922.0,-837.0,4692.0,78048.0,28937.0,0.69,1.73,2822.58,2014-06
JNJ,18467.0,13068.0,5577.0,4749.0,4749.0,2814.4,2864.3,13818.0,59973.0,36448.0,15804.0,8380.0,132097.0,22982.0,55506.0,76591.0,132097.0,4749.0,4654.0,-751.0,6516.0,-751.0,3903.0,76591.0,28651.0,0.71,1.72,2804.06,2014-09
JNJ,18254.0,12401.0,3944.0,2521.0,2521.0,2794.8,2842.0,14523.0,55744.0,36685.0,16126.0,9434.0,130358.0,25031.0,60606.0,69752.0,130358.0,2521.0,4604.0,-1496.0,4935.0,-1496.0,3108.0,69752.0,20698.0,0.68,1.87,2783.22,2014-12
JNJ,17374.0,12092.0,5346.0,4320.0,4320.0,2782.6,2826.0,11988.0,58192.0,35403.0,15364.0,6664.0,128590.0,23836.0,60712.0,67878.0,128590.0,4320.0,2872.0,-543.0,6241.0,-543.0,2329.0,67878.0,19508.0,0.7,1.89,2775.87,2015-03
JNJ,17787.0,12430.0,4917.0,4516.0,4516.0,2772.3,2812.0,10639.0,61001.0,36112.0,15583.0,6942.0,132036.0,24512.0,60905.0,71131.0,132036.0,4516.0,5472.0,-765.0,5806.0,-765.0,4707.0,71131.0,22621.0,0.7,1.86,2768.98,2015-06
JNJ,17102.0,11878.0,4643.0,3358.0,3358.0,2768.4,2807.2,13639.0,63494.0,36397.0,15551.0,6954.0,133266.0,25260.0,61712.0,71554.0,133266.0,3358.0,6140.0,-789.0,5572.0,-789.0,5351.0,71554.0,24287.0,0.69,1.86,2767.28,2015-09
JNJ,17811.0,12138.0,3383.0,3215.0,3215.0,2762.8,2800.3,13732.0,60210.0,36648.0,15905.0,9903.0,133411.0,27747.0,62261.0,71150.0,133411.0,3215.0,5085.0,-1366.0,4416.0,-1366.0,3719.0,71150.0,23757.0,0.68,1.88,2755.16,2015-12
JNJ,17482.0,12153.0,5452.0,4457.0,4457.0,2757.2,2803.8,13861.0,62738.0,37430.0,15964.0,9841.0,136231.0,22134.0,63584.0,72647.0,136231.0,4457.0,2189.0,-639.0,6343.0,-639.0,1550.0,72647.0,24959.0,0.7,1.88,2751.71,2016-03
JNJ,18482.0,13146.0,5706.0,3997.0,3997.0,2745.4,2794.2,18640.0,66291.0,37779.0,15972.0,9753.0,139814.0,21536.0,67341.0,72473.0,139814.0,3997.0,4564.0,-757.0,6606.0,-757.0,3807.0,72473.0,24675.0,0.71,1.93,2737.65,2016-06
JNJ,17820.0,12334.0,5384.0,4272.0,4272.0,2731.6,2785.4,18205.0,63319.0,38373.0,16095.0,10142.0,140369.0,23230.0,67600.0,72769.0,140369.0,4272.0,5361.0,-737.0,6292.0,-737.0,4624.0,72769.0,21956.0,0.69,1.93,2722.58,2016-09
JNJ,18106.0,12468.0,4349.0,3814.0,3814.0,2714.5,2765.8,18972.0,65032.0,37773.0,15912.0,10583.0,141208.0,26287.0,70790.0,70418.0,141208.0,3814.0,6653.0,-1093.0,5404.0,-1093.0,5560.0,70418.0,20737.0,0.69,2.01,2706.51,2016-12
JNJ,17766.0,12357.0,5524.0,4422.0,4422.0,2706.6,2754.5,20909.0,63347.0,38696.0,16191.0,11070.0,144918.0,25119.0,74577.0,70341.0,144918.0,4422.0,2913.0,-560.0,6436.0,-560.0,2353.0,70341.0,16031.0,0.7,2.06,2694.91,2017-03
JNJ,18839.0,12993.0,5408.0,3827.0,3827.0,2691.9,2741.5,12598.0,38789.0,40075.0,16458.0,11384.0,152807.0,28872.0,80885.0,71922.0,152807.0,3827.0,5772.0,-689.0,6558.0,-689.0,5083.0,71922.0,-14254.0,0.69,2.12,2685.19,2017-06
JNJ,19650.0,12725.0,4717.0,3764.0,3764.0,2684.6,2737.7,15721.0,41829.0,40928.0,16628.0,11324.0,155658.0,31806.0,81679.0,73979.0,155658.0,3764.0,6266.0,-790.0,6428.0,-790.0,5476.0,73979.0,-11898.0,0.65,2.1,2684.98,2017-09
JNJ,20195.0,12936.0,3248.0,-10713.0,-10713.0,2684.8,2742.0,17824.0,43088.0,41466.0,17005.0,12076.0,157303.0,30537.0,97143.0,60160.0,157303.0,-10713.0,6105.0,-1240.0,5117.0,-1240.0,4865.0,60160.0,-24974.0,0.64,2.61,2682.52,2017-12
JNJ,20009.0,13395.0,5728.0,4367.0,4367.0,2682.2,2731.9,14639.0,42768.0,41996.0,17040.0,13303.0,156625.0,27081.0,93370.0,63255.0,156625.0,4367.0,3606.0,-658.0,7474.0,-658.0,2948.0,63255.0,-20259.0,0.67,2.48,2682.19,2018-03
JNJ,20830.0,13903.0,5521.0,3954.0,3954.0,2682.3,2721.3,17569.0,45438.0,41293.0,16632.0,12893.0,155365.0,27488.0,92476.0,62889.0,155365.0,3954.0,6079.0,-875.0,7238.0,-875.0,5204.0,62889.0,-17513.0,0.67,2.47,2682.3,2018-06
JNJ,20348.0,13759.0,5708.0,3934.0,3934.0,2683.2,2727.6,16056.0,47194.0,41520.0,16629.0,12541.0,155703.0,27437.0,91077.0,64626.0,155703.0,3934.0,6272.0,-819.0,7439.0,-819.0,5453.0,64626.0,-14713.0,0.68,2.41,2683.16,2018-09
JNJ,20394.0,13433.0,4218.0,3042.0,3042.0,2678.2,2726.0,18107.0,46033.0,41851.0,17035.0,11822.0,152954.0,31230.0,93202.0,59752.0,152954.0,3042.0,6244.0,-1318.0,5953.0,-1318.0,4926.0,59752.0,-18312.0,0.66,2.56,2662.32,2018-12
JNJ,20021.0,13406.0,5329.0,3749.0,3749.0,2660.8,2698.8,14734.0,41987.0,42262.0,17000.0,12692.0,150027.0,29111.0,91072.0,58955.0,150027.0,3749.0,3543.0,-656.0,7090.0,-656.0,2887.0,58955.0,-19393.0,0.67,2.54,2655.64,2019-03
JNJ,20562.0,13622.0,5410.0,5607.0,5607.0,2652.5,2691.7,14376.0,41799.0,42905.0,17248.0,13077.0,155117.0,31353.0,94332.0,60785.0,155117.0,5607.0,5948.0,-837.0,7115.0,-837.0,5111.0,60785.0,-22208.0,0.66,2.55,2642.06,2019-06
JNJ,20729.0,13862.0,5889.0,1753.0,1753.0,2635.2,2669.9,16249.0,44333.0,42625.0,17048.0,13003.0,155521.0,35162.0,97311.0,58210.0,155521.0,1753.0,7527.0,-745.0,7616.0,-745.0,6782.0,58210.0,-22927.0,0.67,2.67,2630.96,2019-09
JNJ,20747.0,13613.0,4342.0,4010.0,4010.0,2631.9,2672.9,17305.0,45274.0,43332.0,17658.0,13514.0,157728.0,35964.0,98257.0,59471.0,157728.0,4010.0,6398.0,-1260.0,6158.0,-1260.0,5138.0,59471.0,-21811.0,0.66,2.65,2632.51,2019-12
JNJ,20691.0,13629.0,5846.0,5796.0,5796.0,2633.7,2671.0,15530.0,44226.0,43247.0,17401.0,12581.0,155017.0,33689.0,93723.0,61294.0,155017.0,5796.0,3358.0,-625.0,7593.0,-625.0,2733.0,61294.0,-19515.0,0.66,2.53,2632.39,2020-03
JNJ,18336.0,11757.0,4057.0,3626.0,3626.0,2632.9,2665.5,11174.0,45892.0,44056.0,17598.0,13587.0,158380.0,36772.0,95402.0,62978.0,158380.0,3626.0,3452.0,-662.0,5783.0,-662.0,2790.0,62978.0,-18325.0,0.64,2.51,2632.38,2020-06
JNJ,21082.0,14110.0,5839.0,3554.0,3554.0,2632.5,2669.3,18965.0,57578.0,45162.0,17855.0,13947.0,170693.0,38847.0,106220.0,64473.0,170693.0,3554.0,8383.0,-737.0,7657.0,-737.0,7646.0,64473.0,-16840.0,0.67,2.65,2632.17,2020-09
JNJ,22475.0,14661.0,4172.0,1738.0,1738.0,2632.2,2670.4,13985.0,51237.0,46804.0,18766.0,15096.0,174894.0,42493.0,111616.0,63278.0,174894.0,1738.0,8343.0,-1323.0,6112.0,-1323.0,7020.0,63278.0,-26517.0,0.65,2.76,2632.51,2020-12
JNJ,22321.0,15258.0,6648.0,6197.0,6197.0,2631.6,2672.7,12671.0,52533.0,46430.0,18367.0,14859.0,172557.0,40932.0,106723.0,65834.0,172557.0,6197.0,4074.0,-677.0,8542.0,-677.0,3397.0,65834.0,-20964.0,0.68,2.62,2632.7,2021-03
JNJ,23312.0,15725.0,6258.0,6278.0,6278.0,2632.5,2671.6,14332.0,53769.0,47201.0,18632.0,17976.0,176440.0,38721.0,106860.0,69580.0,176440.0,6278.0,5314.0,-813.0,8097.0,-813.0,4501.0,69580.0,-16483.0,0.67,2.54,2631.99,2021-06
JNJ,23338.0,16088.0,6666.0,3667.0,3667.0,2632.6,2674.9,17604.0,59889.0,47347.0,18478.0,17516.0,179228.0,44561.0,108956.0,70272.0,179228.0,3667.0,8290.0,-747.0,8480.0,-747.0,7543.0,70272.0,-13073.0,0.69,2.55,2632.49,2021-09
JNJ,24804.0,16849.0,4975.0,4736.0,4736.0,2631.8,2672.2,14487.0,60979.0,47679.0,18962.0,20439.0,182018.0,45226.0,107995.0,74023.0,182018.0,4736.0,5732.0,-1415.0,6818.0,-1415.0,4317.0,74023.0,-7615.0,0.68,2.46,2628.97,2021-12
JNJ,23426.0,15828.0,6428.0,5149.0,5149.0,2629.2,2666.5,10463.0,60424.0,47702.0,18701.0,19875.0,178355.0,43390.0,103646.0,74709.0,178355.0,5149.0,3979.0,-607.0,8197.0,-607.0,3372.0,74709.0,-4646.0,0.68,2.39,2629.38,2022-03
JNJ,24020.0,16101.0,6172.0,4814.0,4814.0,2629.6,2667.9,10983.0,63847.0,47144.0,18354.0,18949.0,177724.0,44821.0,101367.0,76357.0,177724.0,4814.0,5581.0,-863.0,7916.0,-863.0,4718.0,76357.0,-217.0,0.67,2.33,2629.03,2022-06
JNJ,23791.0,15984.0,6298.0,4458.0,4458.0,2627.9,2661.3,11355.0,65236.0,46681.0,18152.0,18017.0,175124.0,45543.0,100525.0,74599.0,175124.0,4458.0,6284.0,-952.0,7983.0,-952.0,5332.0,74599.0,880.0,0.67,2.35,2616.88,2022-09
