revenue,gross_profit,operating_income,net_income,net_income_available_to_shareholders,shares_basic,shares_diluted,cash_and_equiv,total_current_assets,ppe_gross,ppe_net,other_lt_assets,total_assets,total_current_liabilities,total_liabilities,total_equity,total_liabilities_and_equity,cfo_net_income,cf_cfo,cfi_ppe_net,ebitda,capex,fcf,book_value,tangible_book_value,gross_margin,assets_to_equity,shares_eop,period_end_date
36882.0,3712.0,280.0,1406.0,510.0,1500.137,1500.137,21061.0,53053.0,22512.0,19235.0,14421.0,138898.0,47157.0,101739.0,37159.0,138898.0,1472.0,-1539.0,3110.0,280.0,3110.0,1571.0,26768.0,-16892.0,0.1,3.74,1500.14,2010-12
36194.0,4344.0,1344.0,3366.0,3151.0,1504.0,1817.0,20975.0,62949.0,19944.0,19944.0,14511.0,145846.0,51682.0,106760.0,39086.0,145846.0,3411.0,-377.0,-1626.0,1344.0,-1626.0,-2003.0,28695.0,-12810.0,0.12,3.73,1560.76,2011-03
39373.0,5394.0,2451.0,2992.0,2524.0,1505.0,1654.0,20471.0,65984.0,20989.0,20989.0,15153.0,150415.0,53848.0,108383.0,42032.0,150415.0,3037.0,5064.0,-1255.0,2451.0,-1255.0,3809.0,31641.0,-9488.0,0.14,3.58,1561.45,2011-06
36719.0,4773.0,1806.0,2107.0,1726.0,1562.0,1682.0,20297.0,64010.0,21556.0,21556.0,15016.0,148497.0,51748.0,102881.0,45616.0,148497.0,2092.0,2037.0,-1729.0,1806.0,-1729.0,308.0,35225.0,-5156.0,0.13,3.26,1564.37,2011-09
37990.0,4594.0,1341.0,725.0,1218.0,1572.0,1668.0,16071.0,64923.0,28476.0,23790.0,10067.0,144603.0,53226.0,105612.0,38991.0,144603.0,747.0,1442.0,3820.0,1341.0,3820.0,5262.0,28600.0,-10433.0,0.12,3.71,1564.73,2011-12
37759.0,4601.0,1613.0,1315.0,1004.0,1572.0,1692.0,17378.0,69216.0,24275.0,24275.0,11790.0,150194.0,56577.0,110054.0,40140.0,150194.0,1350.0,2499.0,-296.0,1613.0,-296.0,2203.0,29749.0,-8371.0,0.12,3.74,1565.84,2012-03
37614.0,4668.0,1821.0,1846.0,1632.0,1569.0,1671.0,22184.0,70233.0,25026.0,25026.0,12073.0,151987.0,56651.0,110377.0,41610.0,151987.0,1901.0,3942.0,-294.0,1821.0,-294.0,3648.0,31219.0,-6378.0,0.12,3.65,1565.94,2012-06
37576.0,4530.0,1681.0,1833.0,1618.0,1570.0,1663.0,23320.0,72107.0,26578.0,26578.0,11940.0,155456.0,57623.0,112827.0,42629.0,155456.0,1854.0,3383.0,-211.0,1681.0,-211.0,3172.0,32238.0,-5074.0,0.12,3.65,1565.98,2012-09
39307.0,-2986.0,-8333.0,1194.0,979.0,1554.0,1675.0,18422.0,69996.0,31662.0,25845.0,37916.0,149422.0,53992.0,112422.0,37000.0,149422.0,1031.0,781.0,-190.0,-8333.0,-190.0,591.0,26609.0,17827.0,-0.08,4.04,1366.37,2012-12
36884.0,3911.0,959.0,1175.0,960.0,1372.0,1507.0,20643.0,72570.0,26932.0,26932.0,37838.0,153775.0,56539.0,115440.0,38335.0,153775.0,1185.0,819.0,-441.0,959.0,-441.0,378.0,27944.0,18979.0,0.11,4.01,1400.0,2013-03
39075.0,4676.0,1751.0,1414.0,1200.0,1376.0,1677.0,19697.0,77745.0,27926.0,27926.0,41385.0,163110.0,60021.0,124106.0,39004.0,163110.0,1388.0,4893.0,-601.0,1751.0,-601.0,4292.0,28613.0,20022.0,0.12,4.18,1400.0,2013-06
38983.0,5192.0,2316.0,1717.0,698.0,1386.0,1681.0,20355.0,81164.0,29347.0,29347.0,41814.0,168539.0,62563.0,131178.0,37361.0,168539.0,1705.0,3860.0,-549.0,2316.0,-549.0,3311.0,29397.0,21080.0,0.13,4.51,1400.0,2013-09
40485.0,4275.0,646.0,1040.0,913.0,1438.0,1688.0,20021.0,81501.0,36679.0,29250.0,40271.0,166344.0,62412.0,123170.0,43174.0,166344.0,1053.0,3058.0,-446.0,646.0,-446.0,2612.0,40065.0,32837.0,0.11,3.85,1500.0,2013-12
37408.0,2406.0,-535.0,213.0,125.0,1587.0,1691.0,19426.0,86825.0,30093.0,30093.0,40936.0,173606.0,69222.0,130766.0,42840.0,173606.0,280.0,1976.0,-497.0,-535.0,-497.0,1479.0,39731.0,32726.0,0.06,4.05,1600.0,2014-03
39649.0,2872.0,-471.0,278.0,190.0,1608.0,1688.0,19864.0,91643.0,31771.0,31771.0,41406.0,179098.0,72347.0,136513.0,42585.0,179098.0,287.0,3830.0,-1041.0,-471.0,-1041.0,2789.0,39476.0,32683.0,0.07,4.21,1600.0,2014-06
39255.0,4148.0,1227.0,1471.0,1384.0,1612.0,1691.0,18060.0,86640.0,33171.0,33171.0,42470.0,176908.0,67329.0,133345.0,43563.0,176908.0,1442.0,1088.0,-1236.0,1227.0,-1236.0,-148.0,40454.0,33810.0,0.11,4.06,1600.0,2014-09
39617.0,4382.0,1429.0,1987.0,1105.0,1611.0,1678.0,18954.0,83626.0,44078.0,34803.0,44312.0,177501.0,65657.0,141477.0,36024.0,177501.0,2009.0,3167.0,-1469.0,1429.0,-1469.0,1698.0,36024.0,29614.0,0.11,4.93,1600.0,2014-12
35712.0,3870.0,753.0,945.0,945.0,1617.0,1686.0,15776.0,83231.0,36694.0,36694.0,43940.0,179918.0,67342.0,143095.0,36823.0,179918.0,908.0,375.0,-2067.0,2510.0,-2067.0,-1692.0,36823.0,30526.0,0.11,4.89,1600.0,2015-03
38180.0,4265.0,1288.0,1117.0,1117.0,1596.0,1660.0,17627.0,84554.0,41335.0,41335.0,45339.0,185812.0,69528.0,150142.0,35670.0,185812.0,1140.0,5786.0,-3969.0,3458.0,-3969.0,1817.0,35670.0,29489.0,0.11,5.21,1584.0,2015-06
38843.0,5279.0,997.0,1359.0,1359.0,1577.0,1618.0,15433.0,82341.0,46296.0,46296.0,45408.0,189000.0,72739.0,153865.0,35135.0,189000.0,1341.0,3308.0,-4338.0,2978.0,-4338.0,-1030.0,35135.0,29052.0,0.14,5.38,1600.0,2015-09
22990.0,4012.0,2500.0,6266.0,6266.0,1553.0,1595.0,15238.0,69408.0,63750.0,51401.0,58381.0,194338.0,71217.0,154015.0,40323.0,194338.0,6201.0,2300.0,-3627.0,4079.0,-3627.0,-1327.0,40323.0,34376.0,0.17,4.82,1500.0,2015-12
37265.0,4790.0,1972.0,1953.0,1953.0,1546.0,1580.0,14894.0,71034.0,57190.0,57190.0,59863.0,203618.0,74987.0,162293.0,41325.0,203618.0,1931.0,-108.0,-4630.0,4264.0,-4630.0,-4738.0,41325.0,35434.0,0.13,4.93,1500.0,2016-03
37383.0,5480.0,2972.0,2866.0,2866.0,1548.0,1581.0,18923.0,74630.0,61952.0,61952.0,59236.0,210449.0,76043.0,166446.0,44003.0,210449.0,2736.0,6127.0,-4426.0,5271.0,-4426.0,1701.0,44003.0,37570.0,0.15,4.78,1600.0,2016-06
38889.0,5548.0,3148.0,2773.0,2773.0,1550.0,1574.0,15932.0,76496.0,66488.0,66488.0,59593.0,217576.0,82535.0,172561.0,45015.0,217576.0,2707.0,6570.0,-4104.0,5682.0,-4104.0,2466.0,45015.0,38661.0,0.14,4.83,1500.0,2016-09
39896.0,3442.0,475.0,1835.0,1835.0,1516.0,1546.0,12574.0,76203.0,87611.0,66945.0,63397.0,221690.0,85181.0,177615.0,44075.0,221690.0,1895.0,4018.0,-3781.0,3169.0,-3781.0,237.0,44075.0,37926.0,0.09,5.03,1500.0,2016-12
37266.0,4939.0,2583.0,2608.0,2608.0,1505.0,1532.0,12864.0,79598.0,74504.0,74504.0,61082.0,230793.0,90904.0,184579.0,46214.0,230793.0,2686.0,2041.0,-3648.0,5326.0,-3648.0,-1607.0,46214.0,40021.0,0.13,4.99,1500.0,2017-03
36984.0,4774.0,2297.0,1660.0,1660.0,1497.0,1519.0,16598.0,85081.0,74026.0,74026.0,66956.0,240300.0,94306.0,194575.0,45725.0,240300.0,2433.0,5518.0,-3512.0,5491.0,-3512.0,2006.0,45725.0,39736.0,0.13,5.26,1500.0,2017-06
33623.0,3879.0,1576.0,-2981.0,-2983.0,1445.0,1472.0,12792.0,76618.0,76953.0,76953.0,61257.0,229502.0,81849.0,186025.0,43477.0,229502.0,114.0,2881.0,-3000.0,4723.0,-3000.0,-119.0,43477.0,37623.0,0.12,5.28,1400.0,2017-09
37715.0,4639.0,2205.0,-5151.0,-5165.0,1411.0,1447.0,15512.0,68744.0,103216.0,79135.0,49681.0,212482.0,76890.0,176282.0,36200.0,212482.0,-4903.0,6888.0,-2353.0,5382.0,-2353.0,4535.0,36200.0,30351.0,0.12,5.87,1400.0,2017-12
36099.0,2901.0,529.0,1046.0,1032.0,1408.0,1430.0,14256.0,71435.0,80765.0,80765.0,50853.0,218726.0,82716.0,183268.0,35458.0,218726.0,1110.0,448.0,-2117.0,4110.0,-2117.0,-1669.0,35458.0,29668.0,0.08,6.17,1400.0,2018-03
36760.0,3693.0,1477.0,2390.0,2375.0,1410.0,1431.0,15087.0,70451.0,82057.0,82057.0,51625.0,218641.0,80292.0,180005.0,38636.0,218641.0,2366.0,5105.0,-1702.0,4606.0,-1702.0,3403.0,38636.0,32916.0,0.1,5.66,1400.0,2018-06
35791.0,4194.0,1610.0,2534.0,2503.0,1412.0,1431.0,18435.0,74848.0,82783.0,82783.0,53274.0,225711.0,84116.0,184803.0,40908.0,225711.0,2530.0,3673.0,-1138.0,4923.0,-1138.0,2535.0,40908.0,35257.0,0.12,5.52,1400.0,2018-09
38399.0,3307.0,829.0,2044.0,2006.0,1414.0,1431.0,20844.0,75293.0,109042.0,82317.0,54935.0,227339.0,82237.0,184562.0,42777.0,227339.0,2069.0,6030.0,-915.0,4475.0,-915.0,5115.0,42777.0,37198.0,0.09,5.31,1400.0,2018-12
34878.0,3343.0,1244.0,2157.0,2119.0,1417.0,1436.0,17176.0,80090.0,81388.0,81388.0,57870.0,233132.0,85303.0,188494.0,44638.0,233132.0,2145.0,-81.0,-688.0,5360.0,-688.0,-769.0,44638.0,39120.0,0.1,5.22,1400.0,2019-03
36060.0,4589.0,2487.0,2418.0,2381.0,1420.0,1438.0,17072.0,81306.0,81126.0,81126.0,57508.0,233737.0,84294.0,186648.0,47089.0,233737.0,2403.0,5076.0,-1057.0,5894.0,-1057.0,4019.0,47089.0,41632.0,0.13,4.96,1400.0,2019-06
35473.0,4312.0,2304.0,2351.0,2313.0,1428.0,1442.0,20051.0,80565.0,80496.0,80496.0,56564.0,231529.0,84252.0,182758.0,48771.0,231529.0,2311.0,6553.0,-760.0,5613.0,-760.0,5793.0,48771.0,43363.0,0.12,4.75,1428.78,2019-09
30826.0,1728.0,-554.0,-194.0,-232.0,1430.0,1439.0,19069.0,74992.0,109504.0,80805.0,58341.0,228037.0,84905.0,182080.0,45957.0,228037.0,-192.0,3473.0,-597.0,2732.0,-597.0,2876.0,45957.0,40620.0,0.06,4.96,1400.0,2019-12
32709.0,2627.0,657.0,294.0,247.0,1433.0,1440.0,38506.0,97699.0,79265.0,79265.0,56914.0,246624.0,91292.0,202307.0,44317.0,246624.0,286.0,1561.0,-645.0,3965.0,-645.0,916.0,44317.0,39092.0,0.08,5.56,1432.28,2020-03
16778.0,96.0,-1214.0,-758.0,-806.0,1432.0,1432.0,28228.0,87497.0,76667.0,76667.0,60365.0,237535.0,77904.0,194042.0,43493.0,237535.0,-780.0,-2815.0,128.0,2051.0,128.0,-2687.0,43493.0,38211.0,0.01,5.46,1400.0,2020-06
35480.0,6052.0,4424.0,4045.0,4005.0,1432.0,1439.0,26939.0,89177.0,76347.0,76347.0,60856.0,239671.0,80603.0,191663.0,48008.0,239671.0,4018.0,11231.0,-14.0,7586.0,-14.0,11217.0,48008.0,42763.0,0.17,4.99,1400.0,2020-09
37518.0,4897.0,2767.0,2846.0,2801.0,1436.0,1451.0,19992.0,80924.0,115455.0,77451.0,63183.0,235194.0,79910.0,185517.0,49677.0,235194.0,2797.0,6693.0,-1303.0,5847.0,-1303.0,5390.0,49677.0,44447.0,0.13,4.73,1400.0,2020-12
32474.0,5080.0,3277.0,3022.0,2976.0,1447.0,1464.0,21609.0,82091.0,88083.0,78140.0,64016.0,238411.0,76323.0,183968.0,54443.0,238411.0,3014.0,1266.0,-1194.0,6292.0,-1194.0,72.0,54443.0,49258.0,0.16,4.38,1400.0,2021-03
34167.0,5007.0,2882.0,2836.0,2790.0,1451.0,1468.0,22920.0,82609.0,89039.0,79418.0,65725.0,241803.0,74811.0,183927.0,57876.0,241803.0,2779.0,7162.0,-377.0,5900.0,-377.0,6785.0,57876.0,52707.0,0.15,4.18,1500.0,2021-06
26779.0,3793.0,1645.0,2420.0,2375.0,1452.0,1467.0,17365.0,77791.0,88900.0,79294.0,67112.0,238557.0,71951.0,178236.0,60321.0,238557.0,2386.0,-49.0,386.0,4726.0,386.0,337.0,60321.0,55195.0,0.14,3.95,1500.0,2021-09
33584.0,3998.0,1520.0,1741.0,1696.0,1454.0,1471.0,20067.0,82103.0,119824.0,79044.0,68807.0,244718.0,74408.0,178903.0,65815.0,244718.0,1766.0,6809.0,976.0,4457.0,976.0,7785.0,65815.0,60728.0,0.12,3.72,1500.0,2021-12
35979.0,4700.0,2196.0,2939.0,1987.0,1458.0,1470.0,16349.0,88594.0,87377.0,78289.0,69149.0,251492.0,79555.0,184429.0,67063.0,251492.0,2807.0,2104.0,742.0,5087.0,742.0,2846.0,67063.0,62005.0,0.13,3.75,1500.0,2022-03
35759.0,4409.0,2116.0,1692.0,1666.0,1458.0,1465.0,16710.0,91094.0,85868.0,77250.0,70427.0,253517.0,79398.0,185142.0,68375.0,253517.0,1642.0,3124.0,604.0,4972.0,604.0,3728.0,68375.0,63362.0,0.12,3.71,1500.0,2022-06
41888.0,5868.0,3391.0,3305.0,3279.0,1448.0,1457.0,20745.0,98271.0,84877.0,76572.0,70808.0,260529.0,86003.0,190762.0,69767.0,260529.0,3252.0,5191.0,644.0,6164.0,644.0,5835.0,69767.0,64799.0,0.14,3.73,1458.05,2022-09
