revenue,gross_profit,operating_income,net_income,net_income_available_to_shareholders,shares_basic,shares_diluted,cash_and_equiv,total_current_assets,ppe_gross,ppe_net,other_lt_assets,total_assets,total_current_liabilities,total_liabilities,total_equity,total_liabilities_and_equity,cfo_net_income,cf_cfo,cfi_ppe_net,cf_cff,ebitda,capex,fcf,book_value,tangible_book_value,gross_margin,assets_to_equity,shares_eop,period_end_date
1256.516,709.735,442.77,369.193,369.193,5322.118,5732.238,482.572,3158.474,678.981,474.829,45.645,3865.199,393.328,438.337,3426.862,3865.199,369.193,529.622,-142.391,3.505,498.963,-142.391,387.231,3426.862,3240.611,0.56,1.13,11083.2,2005-03
1384.495,787.4,475.698,342.814,342.814,5414.578,5744.758,753.472,3649.21,780.749,576.597,55.307,4497.718,448.37,543.861,3953.857,4497.718,342.814,624.619,-157.463,7.956,542.627,-157.463,467.156,3953.857,3737.253,0.57,1.14,11159.0,2005-06
1578.456,923.302,529.171,381.182,381.182,5502.598,5793.458,5518.569,8382.685,1173.116,803.078,36.63500000000199,9451.001,559.848,657.933,8793.068,9451.001,381.182,646.747,-292.532,4308.293,605.136,-292.532,354.215,8793.068,8564.465,0.58,1.07,11810.5,2005-09
1919.092,1142.057,659.639,372.208,372.208,5828.218,6079.458,3877.174,9001.071,1417.425,961.749,31.310000000001,10271.813,745.384,852.856,9418.957,10271.813,372.208,658.434,-245.831,51.076,754.364,-245.831,412.603,9418.957,9141.274,0.6,1.09,11878.0,2005-12
2253.755,1349.636,742.699,592.291,592.291,5877.918,6082.458,2935.179,9555.957,1749.568,1209.681,49.853000000001,11294.87,980.024,1051.602,10243.268,11294.87,592.291,824.804,-344.938,119.896,853.857,-344.938,479.866,10243.268,9763.889,0.6,1.1,12111.7,2006-03
2455.991,1466.959,815.372,721.077,721.077,6028.198,6200.758,4015.922,11058.107,2452.055,1799.766,1072.935,14396.006,977.43,1038.998,13357.008,14396.006,721.077,840.586,-699.0,2299.056,941.593,-699.0,141.586,13357.008,12891.81,0.6,1.08,12162.6,2006-06
2689.673,1640.945,931.331,733.361,733.361,6067.998,6211.478,3038.341,11858.243,2957.58,2174.314,117.533,15693.232,1216.047,1296.145,14397.087,15693.232,733.361,1004.324,-492.222,129.418,1076.641,-492.222,512.102,14397.087,13882.536,0.61,1.09,12234.4,2006-09
3205.498,1922.35,1060.594,1030.717,1030.717,6138.098,6269.137,3544.671,13039.847,3289.594,2395.239,114.455,18473.351,1304.587,1433.511,17039.84,18473.351,1030.717,910.794,-366.638,418.028,1249.844,-366.638,544.156,17039.84,15147.88,0.6,1.08,12426.2,2006-12
3663.971,2193.545,1221.209,1002.162,1002.162,6186.298,6297.397,4081.34,14080.774,3876.274,2826.717,129.903,20015.438,1254.353,1638.228,18377.21,20015.438,1002.162,1219.593,-596.893,88.51,1426.201,-596.893,622.7,18377.21,16430.118,0.6,1.09,12449.8,2007-03
3871.985,2311.73,1104.615,925.12,925.12,6208.718,6309.377,4493.652,14857.523,4401.193,3219.28,245.575,21423.885,1319.195,1764.277,19659.608,21423.885,925.12,1229.926,-575.098,120.129,1327.97,-575.098,654.828,19659.608,17596.905,0.6,1.09,12473.3,2007-06
4231.351,2568.772,1317.842,1069.989,1069.989,6224.418,6331.517,5106.404,15733.761,4914.422,3588.814,207.288,23340.65,1782.667,2303.879,21036.771,23340.65,1069.989,1632.643,-552.64,49.011,1567.217,-552.64,1080.003,21036.771,18274.122,0.61,1.11,12501.5,2007-09
4826.679,2870.855,1440.734,1206.449,1206.449,6245.038,6358.517,6081.593,17289.138,5519.912,4039.261,201.749,25335.806,2035.602,2646.127,22689.679,25335.806,1206.449,1693.248,-678.209,145.417,1730.67,-678.209,1015.039,22689.679,19943.715,0.59,1.12,12523.0,2007-12
5186.043,3075.507,1546.235,1307.086,1307.086,6262.577,6347.837,6519.749,15464.931,6430.853,4741.724,345.99,27604.982,2460.475,3267.447,24337.535,27604.982,1307.086,1779.446,-841.597,28.656,1882.759,-841.597,937.849,24337.535,18342.164,0.59,1.13,12551.6,2008-03
5367.212,3219.637,1577.965,1247.391,1247.391,6276.337,6360.457,7363.536,16316.837,7013.003,5137.71,664.923,29179.786,2345.515,3266.771,25913.015,29179.786,1247.391,1766.154,-697.517,43.577,1969.572,-697.517,1068.637,25913.015,19920.219,0.6,1.13,12565.7,2008-06
5541.391,3368.001,1647.565,1289.938,1289.938,6284.817,6355.517,8370.469,17962.851,7325.792,5213.167,660.697,30806.974,2224.277,3332.112,27474.862,30806.974,1289.939,2184.958,-451.503,4.285,2033.811,-451.503,1733.455,27474.862,21605.499,0.61,1.12,12578.0,2008-09
5700.904,3510.899,1860.205,382.442,382.442,6292.977,6337.317,8656.672,20178.182,7576.341,5233.843,433.846,31767.575,2302.09,3528.713,28238.862,31767.575,382.442,2122.299,-367.844,11.049,2245.715,-367.844,1754.455,28238.862,22402.318,0.62,1.12,12599.5,2008-12
5509.0,3407.0,1884.0,1423.0,1423.0,6305.037,6344.417,10426.291,22080.802,7697.487,5122.105,468.464,33513.029,2183.854,3664.934,29848.095,33513.029,1423.0,2250.0,-263.0,-5.0,2287.0,-263.0,1987.0,29848.095,24107.436,0.62,1.12,12625.3,2009-03
5523.0,3415.0,1874.0,1485.0,1485.0,6318.017,6370.717,11911.351,23834.853,7905.528,5005.9,530.783,35158.76,2000.962,3563.904,31594.856,35158.76,1484.0,1609.0,-139.0,51.0,2251.0,-139.0,1470.0,31594.856,25901.557,0.62,1.11,12644.7,2009-06
5945.0,3719.0,2074.0,1639.0,1639.0,6329.937,6394.917,12087.115,26353.544,8043.9,4917.491,648.97300000001,37702.845,2321.774,3981.092,33721.753,37702.845,1639.0,2726.0,-187.0,29.0,2453.0,-187.0,2539.0,33721.753,28049.288,0.63,1.12,12665.1,2009-09
6674.0,4266.0,2481.0,1974.0,1974.0,6344.697,6443.217,10198.0,29167.0,8130.0,4845.0,678.0,40497.0,2747.0,4493.0,36004.0,40497.0,1974.0,2731.0,-221.0,158.0,2846.0,-221.0,2510.0,36004.0,30326.0,0.64,1.12,12698.6,2009-12
6775.0,4323.0,2488.0,1955.0,1955.0,6357.897,6452.157,9192.0,31132.0,8219.0,4773.0,900.0,42871.0,2922.0,4588.0,38283.0,42871.0,1955.0,2584.0,-239.0,-123.0,2819.0,-239.0,2345.0,38283.0,32371.0,0.64,1.12,12718.6,2010-03
6820.0,4353.0,2365.0,1840.0,1840.0,6366.997,6449.717,10713.0,35161.0,8525.0,4920.0,895.0,48045.0,5747.0,7432.0,40613.0,48045.0,1840.0,2085.0,-476.0,-646.0,2707.0,-476.0,1609.0,40613.0,33921.0,0.64,1.18,12732.2,2010-06
7286.0,4734.0,2547.0,2167.0,2167.0,6372.337,6447.537,11257.0,39447.0,9383.0,5506.0,812.0,53342.0,8530.0,10052.0,43290.0,53342.0,2167.0,2886.0,-758.0,2067.0,2889.0,-758.0,2128.0,43290.0,36198.0,0.65,1.23,12757.0,2010-09
8440.0,5494.0,2982.0,2543.0,2543.0,6398.937,6510.677,13630.0,41562.0,11771.0,7759.0,707.0,57851.0,9996.0,11610.0,46241.0,57851.0,2543.0,3526.0,-2545.0,1752.0,3363.0,-2545.0,981.0,46241.0,38941.0,0.65,1.25,12839.6,2010-12
8575.0,5639.0,2296.0,1798.0,1798.0,6430.537,6527.657,12415.0,43310.0,12509.0,8249.0,411.0,59960.0,9332.0,11109.0,48851.0,59960.0,1798.0,3172.0,-890.0,-111.0,2697.0,-890.0,2282.0,48851.0,41527.0,0.66,1.23,12872.6,2011-03
9026.0,5854.0,2881.0,2505.0,2505.0,6444.557,6520.717,10320.0,46442.0,13495.0,9003.0,465.0,64861.0,7798.0,12870.0,51991.0,64861.0,2506.0,3519.0,-917.0,958.0,3336.0,-917.0,2602.0,51991.0,43933.0,0.65,1.25,12894.2,2011-06
9720.0,6342.0,3058.0,2729.0,2729.0,6463.097,6548.777,10630.0,50042.0,13815.0,9204.0,488.0,69088.0,8888.0,14258.0,54830.0,69088.0,2729.0,3950.0,-680.0,-80.0,3550.0,-680.0,3270.0,54830.0,46367.0,0.65,1.26,12937.7,2011-09
10583.0,6880.0,4007.0,2704.0,2704.0,6483.997,6579.977,9983.0,52758.0,14400.0,9603.0,499.0,72574.0,8913.0,14429.0,58145.0,72574.0,2704.0,3924.0,-951.0,40.0,4510.0,-951.0,2973.0,58145.0,49221.0,0.65,1.25,12983.2,2011-12
10645.0,6856.0,3389.0,2890.0,2890.0,6505.977,6602.717,23108.0,56859.0,14963.0,9875.0,664.0,77144.0,9742.0,15432.0,61712.0,77144.0,2890.0,3694.0,-607.0,1230.0,3900.0,-607.0,3087.0,61712.0,52846.0,0.64,1.25,13023.6,2012-03
11807.0,7130.0,3237.0,2785.0,2785.0,6525.437,6615.857,15437.0,53857.0,16137.0,10909.0,2263.0,86051.0,14028.0,21330.0,64721.0,86051.0,2785.0,4252.0,-774.0,639.0,3907.0,-774.0,3478.0,64721.0,46739.0,0.6,1.33,13065.1,2012-06
13304.0,7349.0,2740.0,2176.0,2176.0,6555.697,6666.277,16260.0,56821.0,17038.0,11401.0,2206.0,89730.0,14434.0,21702.0,68028.0,89730.0,2176.0,4004.0,-872.0,52.0,3568.0,-872.0,3132.0,68028.0,49789.0,0.55,1.32,13129.4,2012-09
10283.0,7528.0,4468.0,2886.0,2886.0,13186.383,13186.383,14778.0,60454.0,17697.0,11854.0,2011.0,93798.0,14337.0,22083.0,71715.0,93798.0,2886.0,4669.0,-1020.0,-692.0,5421.0,-1020.0,3649.0,71715.0,53705.0,0.73,1.31,13186.4,2012-12
12951.0,7815.0,3748.0,3346.0,3346.0,6609.077,6733.257,15375.0,62808.0,18260.0,12300.0,2195.0,96692.0,13252.0,21219.0,75473.0,96692.0,3346.0,3633.0,-1203.0,-517.0,4647.0,-1203.0,2430.0,75473.0,57554.0,0.6,1.28,13227.5,2013-03
13107.0,7912.0,3465.0,3228.0,3228.0,13299.195,13533.475,16164.0,66861.0,19255.0,12912.0,1891.0,101182.0,15329.0,22330.0,78852.0,101182.0,3228.0,4705.0,-1611.0,-105.0,4495.0,-1611.0,3094.0,78852.0,60898.0,0.6,1.28,13312.5,2013-06
13754.0,8345.0,3761.0,2970.0,2970.0,13344.635,13569.395,15242.0,68858.0,21722.0,14867.0,1784.0,105068.0,14475.0,22079.0,82989.0,105068.0,2970.0,5083.0,-2289.0,-267.0,4735.0,-2289.0,2794.0,82989.0,65273.0,0.61,1.27,13353.3,2013-09
15707.0,9454.0,4429.0,3189.0,3189.0,13393.395,13640.075,18898.0,72886.0,23837.0,16524.0,1976.0,110920.0,15908.0,23611.0,87309.0,110920.0,3189.0,5238.0,-2255.0,32.0,5465.0,-2255.0,2983.0,87309.0,69751.0,0.6,1.27,13420.3,2013-12
15420.0,9459.0,4115.0,3452.0,3452.0,13451.735,13704.235,16639.0,75314.0,25719.0,17877.0,1718.0,116526.0,16270.0,24815.0,91711.0,116526.0,3452.0,4391.0,-2345.0,822.0,5201.0,-2345.0,2046.0,91711.0,72217.0,0.61,1.27,13502.3,2014-03
15955.0,9841.0,4258.0,3351.0,3351.0,13502.295,13727.255,19620.0,77905.0,27574.0,19486.0,1982.0,121608.0,17097.0,25859.0,95749.0,121608.0,3270.0,5627.0,-2646.0,-1462.0,5337.0,-2646.0,2981.0,95749.0,75929.0,0.62,1.27,13536.7,2014-06
16523.0,9828.0,3724.0,2739.0,2739.0,13541.935,13764.294,15605.0,80115.0,29292.0,20981.0,2010.0,125781.0,17920.0,26966.0,98815.0,125781.0,2739.0,5994.0,-2417.0,-455.0,5271.0,-2417.0,3577.0,98815.0,78610.0,0.59,1.27,13584.2,2014-09
18103.0,11182.0,4399.0,4675.0,4675.0,13578.815,13769.774,18347.0,78656.0,32746.0,23883.0,3363.0,129187.0,16779.0,25327.0,103860.0,129187.0,4675.0,7012.0,-3606.0,-992.0,5666.0,-3606.0,3406.0,103860.0,83654.0,0.62,1.24,13622.1,2014-12
17258.0,10902.0,4447.0,3515.0,3515.0,13618.295,13789.954,16976.0,80313.0,34843.0,25448.0,3596.0,133400.0,14336.0,24952.0,108448.0,133400.0,3515.0,6722.0,-2927.0,-496.0,5624.0,-2927.0,3795.0,108448.0,88495.0,0.63,1.23,13665.4,2015-03
17727.0,11144.0,4825.0,3931.0,3931.0,13672.335,13817.554,18453.0,84164.0,37112.0,27008.0,3403.0,138807.0,17362.0,27024.0,111783.0,138807.0,3931.0,7096.0,-2515.0,-561.0,6059.0,-2515.0,4581.0,111783.0,91960.0,0.63,1.24,13709.8,2015-06
18675.0,11638.0,4708.0,3979.0,3979.0,13728.695,13886.374,18068.0,88103.0,38908.0,28338.0,3329.0,144281.0,18457.0,28040.0,116241.0,144281.0,3979.0,6145.0,-2406.0,-609.0,5956.0,-2406.0,3739.0,116241.0,96543.0,0.62,1.24,13753.9,2015-09
21329.0,13141.0,5380.0,4923.0,4923.0,13750.714,13940.494,16549.0,90114.0,40146.0,29016.0,3432.0,147461.0,19310.0,27130.0,120331.0,147461.0,4923.0,6609.0,-2102.0,-2559.0,6784.0,-2102.0,4507.0,120331.0,100615.0,0.62,1.23,13747.0,2015-12
20257.0,12609.0,5342.0,4207.0,4207.0,13750.354,13986.214,15111.0,90955.0,41995.0,30162.0,3530.0,149747.0,17684.0,26178.0,123569.0,149747.0,4207.0,7658.0,-2428.0,-2911.0,6713.0,-2428.0,5230.0,123569.0,104046.0,0.62,1.21,13735.8,2016-03
21500.0,13370.0,5968.0,4877.0,4877.0,13724.375,13936.934,13627.0,94238.0,43904.0,31413.0,3528.0,154292.0,17341.0,26413.0,127879.0,154292.0,4877.0,9120.0,-2123.0,-3440.0,7458.0,-2123.0,6997.0,127879.0,108586.0,0.62,1.21,13735.6,2016-06
22451.0,13752.0,5767.0,5061.0,5061.0,13751.214,13968.794,9406.0,98546.0,46094.0,32753.0,3549.0,159948.0,14323.0,25845.0,134103.0,159948.0,5061.0,9845.0,-2357.0,-1089.0,7363.0,-2357.0,7488.0,134103.0,114708.0,0.61,1.19,13782.7,2016-09
26064.0,15403.0,6639.0,5333.0,5333.0,13796.294,14004.534,12918.0,105408.0,47527.0,34234.0,2202.0,167497.0,16756.0,28461.0,139036.0,167497.0,5333.0,9413.0,-3064.0,-892.0,8326.0,-3064.0,6349.0,139036.0,119261.0,0.59,1.2,13825.9,2016-12
24750.0,14955.0,6568.0,5426.0,5426.0,13831.094,14040.714,18132.0,108794.0,50321.0,35936.0,2211.0,172756.0,15256.0,27807.0,144949.0,172756.0,5426.0,9548.0,-2467.0,-1674.0,8071.0,-2467.0,7081.0,144949.0,125265.0,0.6,1.19,13842.2,2017-03
26010.0,15637.0,6868.0,3524.0,3524.0,13839.174,14070.054,15711.0,112386.0,53341.0,37676.0,2380.0,178621.0,18685.0,30335.0,148286.0,178621.0,3524.0,7403.0,-2818.0,-2740.0,8493.0,-2818.0,4585.0,148286.0,128749.0,0.6,1.2,13857.5,2017-06
27772.0,16624.0,7782.0,6732.0,6732.0,13869.694,14074.314,10581.0,119345.0,56358.0,40120.0,3188.0,189536.0,20693.0,32436.0,157100.0,189536.0,6732.0,9872.0,-3511.0,-706.0,9543.0,-3511.0,6361.0,157100.0,137486.0,0.6,1.21,13895.8,2017-09
32323.0,18056.0,7696.0,-3020.0,-3020.0,13867.694,14101.614,10715.0,124308.0,59647.0,42383.0,3352.0,197295.0,24183.0,44793.0,152502.0,197295.0,-3020.0,10268.0,-4289.0,-3178.0,9722.0,-4289.0,5979.0,152502.0,133063.0,0.56,1.29,13895.7,2017-12
31146.0,17679.0,7633.0,9401.0,9401.0,13895.034,14102.674,12658.0,123761.0,67801.0,48845.0,2682.0,206935.0,25394.0,46110.0,160825.0,206935.0,9401.0,11642.0,-7269.0,-2018.0,9619.0,-7269.0,4373.0,160825.0,140154.0,0.57,1.29,13898.9,2018-03
32657.0,18774.0,8116.0,3195.0,3195.0,13898.694,14064.934,14148.0,124157.0,71876.0,51672.0,3737.0,211610.0,29903.0,49610.0,162000.0,211610.0,3195.0,10132.0,-5477.0,-4937.0,10230.0,-5477.0,4655.0,162000.0,141443.0,0.57,1.31,13918.9,2018-06
33740.0,19459.0,8625.0,9192.0,9192.0,13912.674,14077.174,13443.0,129702.0,77128.0,55300.0,3520.0,221538.0,31301.0,51698.0,169840.0,221538.0,9192.0,13210.0,-5282.0,-3478.0,10980.0,-5282.0,7928.0,169840.0,149497.0,0.58,1.3,13919.1,2018-09
39276.0,21358.0,8221.0,8948.0,8948.0,13904.772,14017.992,16701.0,135676.0,82507.0,59719.0,3430.0,232792.0,34620.0,55164.0,177628.0,232792.0,8948.0,12987.0,-7081.0,-2746.0,10801.0,-7081.0,5906.0,177628.0,157520.0,0.54,1.31,13911.1,2018-12
36339.0,20327.0,8305.0,6657.0,6657.0,13897.374,14017.574,19148.0,138207.0,94095.0,69365.0,3297.0,245349.0,34910.0,61877.0,183472.0,245349.0,6657.0,12000.0,-4638.0,-4183.0,10918.0,-4638.0,7362.0,183472.0,163466.0,0.56,1.34,13895.6,2019-03
38944.0,21648.0,9180.0,9947.0,9947.0,13879.374,13999.074,16587.0,147437.0,101143.0,74604.0,3046.0,257101.0,37000.0,64909.0,192192.0,257101.0,9947.0,12627.0,-6126.0,-4746.0,12015.0,-6126.0,6501.0,192192.0,172290.0,0.56,1.34,13881.0,2019-06
40499.0,22931.0,9177.0,7068.0,7068.0,13854.814,13963.974,16032.0,148358.0,107746.0,79593.0,2789.0,263044.0,39224.0,68075.0,194969.0,263044.0,7068.0,15466.0,-6732.0,-6954.0,12097.0,-6732.0,8734.0,194969.0,175153.0,0.57,1.35,13818.1,2019-09
46075.0,25055.0,9266.0,10671.0,10671.0,13776.072,13903.852,18498.0,152578.0,115148.0,84587.0,3063.0,275909.0,45221.0,74467.0,201442.0,275909.0,10671.0,14427.0,-6052.0,-7326.0,12679.0,-6052.0,8375.0,201442.0,178839.0,0.54,1.37,13766.7,2019-12
41159.0,22177.0,7977.0,6836.0,6836.0,13729.294,13845.334,19644.0,147018.0,120903.0,87966.0,3478.0,273403.0,40189.0,69744.0,203659.0,273403.0,6836.0,11451.0,-6005.0,-8186.0,11085.0,-6005.0,5446.0,203659.0,181085.0,0.54,1.34,13679.4,2020-03
38297.0,19744.0,6383.0,6959.0,6959.0,13635.354,13740.474,17742.0,149069.0,125859.0,90315.0,3626.0,278492.0,43658.0,71170.0,207322.0,278492.0,6959.0,13993.0,-5391.0,-7498.0,9769.0,-5391.0,8602.0,207322.0,184801.0,0.52,1.34,13624.3,2020-06
46173.0,25056.0,11213.0,11247.0,11247.0,13588.974,13717.014,20129.0,164369.0,132233.0,93582.0,4246.0,299243.0,48200.0,86323.0,212920.0,299243.0,11247.0,17003.0,-5406.0,546.0,14691.0,-5406.0,11597.0,212920.0,190530.0,0.54,1.41,13554.5,2020-09
56898.0,30818.0,15651.0,15227.0,15227.0,13511.614,13659.374,26465.0,174296.0,138673.0,96960.0,5037.0,319616.0,56834.0,97072.0,222544.0,319616.0,15227.0,22677.0,-5479.0,-9270.0,19376.0,-5479.0,17198.0,222544.0,199924.0,0.54,1.44,13504.4,2020-12
55314.0,31211.0,16437.0,17930.0,17930.0,13464.394,13641.414,26622.0,172137.0,143556.0,100204.0,5296.0,327095.0,55453.0,97082.0,230013.0,327095.0,17930.0,19289.0,-5942.0,-13606.0,19190.0,-5942.0,13347.0,230013.0,205849.0,0.56,1.42,13421.9,2021-03
61880.0,35653.0,19361.0,18525.0,18525.0,13378.994,13591.994,23630.0,175697.0,150053.0,104675.0,5451.0,335387.0,55741.0,97822.0,237565.0,335387.0,18525.0,21890.0,-5496.0,-15991.0,22306.0,-5496.0,16394.0,237565.0,213533.0,0.58,1.41,13352.7,2021-06
65118.0,37497.0,21031.0,18936.0,18936.0,13315.0,13530.0,23719.0,184110.0,154822.0,107549.0,5471.0,347403.0,61782.0,102836.0,244567.0,347403.0,18936.0,25539.0,-6819.0,-15254.0,24335.0,-6819.0,18720.0,244567.0,220395.0,0.58,1.42,13293.6,2021-09
75325.0,42337.0,21885.0,20642.0,20642.0,13253.976,13449.896,20945.0,188143.0,159971.0,110557.0,6646.0,359268.0,64254.0,107633.0,251635.0,359268.0,20642.0,24934.0,-6383.0,-16511.0,25324.0,-6383.0,18551.0,251635.0,227262.0,0.56,1.43,13242.4,2021-12
68011.0,38412.0,20094.0,16436.0,16436.0,13203.414,13351.014,20886.0,177853.0,169169.0,117210.0,7166.0,357096.0,61948.0,103092.0,254004.0,357096.0,16436.0,25106.0,-9786.0,-16214.0,23876.0,-9786.0,15320.0,254004.0,229681.0,0.56,1.41,13175.3,2022-03
69685.0,39581.0,19453.0,16002.0,16002.0,13132.994,13238.994,17936.0,172371.0,173656.0,119621.0,7202.0,355185.0,61354.0,99766.0,255419.0,355185.0,16002.0,19422.0,-6828.0,-17817.0,23352.0,-6828.0,12594.0,255419.0,230093.0,0.57,1.39,13078.0,2022-06
69092.0,37934.0,17135.0,13910.0,13910.0,13018.0,13097.0,21984.0,166109.0,177552.0,122040.0,8661.0,358255.0,65979.0,104629.0,253626.0,358255.0,13910.0,23353.0,-7276.0,-18097.0,21181.0,-7276.0,16077.0,253626.0,222600.0,0.55,1.41,12971.0,2022-09
