revenue,gross_profit,operating_income,net_income,net_income_available_to_shareholders,shares_basic,shares_diluted,cash_and_equiv,total_current_assets,ppe_gross,ppe_net,other_lt_assets,total_assets,total_current_liabilities,total_liabilities,total_equity,total_liabilities_and_equity,cfo_net_income,cf_cfo,cfi_ppe_net,cf_cff,ebitda,capex,fcf,book_value,tangible_book_value,gross_margin,assets_to_equity,shares_eop,period_end_date
6751.0,3512.0,1391.0,915.0,915.0,6556.0,6610.0,7134.0,19076.0,37405.0,17589.0,2813.0,43806.0,6279.0,8405.0,35401.0,43806.0,915.0,1710.0,-954.0,-1053.0,2655.0,-954.0,756.0,35401.0,31073.0,0.52,1.24,6534.0,2003-03
6816.0,3468.0,1276.0,896.0,896.0,6525.0,6580.0,8382.0,20102.0,37926.0,17292.0,2757.0,44465.0,6699.0,8975.0,35490.0,44465.0,896.0,2649.0,-923.0,-1049.0,2551.0,-923.0,1726.0,35490.0,31176.0,0.51,1.25,6510.0,2003-06
7833.0,4558.0,2309.0,1657.0,1657.0,6517.0,6625.0,9406.0,22338.0,38732.0,17220.0,3128.0,47003.0,7269.0,9642.0,37361.0,47003.0,1657.0,3188.0,-1072.0,205.0,3570.0,-1072.0,2116.0,37361.0,33044.0,0.58,1.26,6532.0,2003-09
8741.0,5556.0,2562.0,2173.0,2173.0,6512.0,6669.0,7971.0,22882.0,38692.0,16661.0,3895.0,47143.0,6879.0,9297.0,37846.0,47143.0,2173.0,3968.0,-707.0,-1961.0,3832.0,-707.0,3261.0,37846.0,34141.0,0.64,1.25,6487.0,2003-12
8091.0,4870.0,2476.0,1730.0,1730.0,6480.0,6624.0,7539.0,23091.0,39095.0,16192.0,4100.0,47088.0,6416.0,8978.0,38110.0,47088.0,1730.0,1769.0,-680.0,-1272.0,3709.0,-680.0,1089.0,38110.0,34405.0,0.6,1.24,6468.0,2004-03
8049.0,4780.0,2381.0,1757.0,1757.0,6449.0,6558.0,7153.0,24758.0,39567.0,16007.0,4177.0,48672.0,7538.0,10079.0,38593.0,48672.0,1757.0,4065.0,-1026.0,-1684.0,3606.0,-1026.0,3039.0,38593.0,34863.0,0.59,1.26,6415.0,2004-06
8471.0,4719.0,2373.0,1906.0,1906.0,6375.0,6442.0,6533.0,23990.0,40138.0,15924.0,4152.0,47800.0,7810.0,9605.0,38195.0,47800.0,1906.0,3170.0,-1106.0,-2514.0,3593.0,-1106.0,2064.0,38195.0,34461.0,0.56,1.25,6323.0,2004-09
9598.0,5377.0,2900.0,2123.0,2123.0,6295.0,6353.0,8407.0,24058.0,39833.0,15768.0,4598.0,48143.0,8006.0,9564.0,38579.0,48143.0,2123.0,4115.0,-1031.0,-2181.0,4111.0,-1031.0,3084.0,38579.0,34860.0,0.56,1.25,6253.0,2004-12
9434.0,5598.0,3032.0,2178.0,2178.0,6211.0,6273.0,9279.0,23478.0,40386.0,16321.0,4051.0,47566.0,8573.0,9855.0,37711.0,47566.0,2178.0,3756.0,-1788.0,-2553.0,4288.0,-1788.0,1968.0,37711.0,33995.0,0.59,1.26,6173.0,2005-03
9231.0,5203.0,2649.0,2038.0,2038.0,6144.0,6215.0,8975.0,22190.0,42329.0,16624.0,3894.0,46513.0,7780.0,8899.0,37614.0,46513.0,2038.0,2972.0,-1389.0,-2606.0,3766.0,-1389.0,1583.0,37614.0,33809.0,0.56,1.24,6093.0,2005-06
9960.0,5948.0,3100.0,1995.0,1995.0,6062.0,6144.0,8857.0,21724.0,43128.0,16825.0,4997.0,47360.0,9499.0,10684.0,36676.0,47360.0,1995.0,4366.0,-1282.0,-2695.0,4214.0,-1282.0,3084.0,36676.0,32862.0,0.6,1.29,6028.0,2005-09
10201.0,6300.0,3309.0,2453.0,2453.0,6007.0,6079.0,7324.0,21194.0,44132.0,17111.0,6136.0,48314.0,9234.0,12132.0,36182.0,48314.0,2453.0,3729.0,-1359.0,-1690.0,4417.0,-1359.0,2370.0,36182.0,32309.0,0.62,1.34,5919.0,2005-12
8940.0,4943.0,1718.0,1357.0,1357.0,5854.0,5954.0,3948.0,18027.0,45404.0,17618.0,7676.0,47194.0,9843.0,12836.0,34358.0,47194.0,1357.0,2096.0,-1758.0,-3175.0,2932.0,-1758.0,338.0,34358.0,30485.0,0.55,1.37,5808.0,2006-03
8009.0,4171.0,1072.0,885.0,885.0,5801.0,5868.0,3436.0,16755.0,46463.0,18098.0,7364.0,46088.0,8422.0,11292.0,34796.0,46088.0,885.0,1542.0,-1766.0,-1628.0,2287.0,-1766.0,-224.0,34796.0,30925.0,0.52,1.32,5767.0,2006-06
8739.0,4294.0,1472.0,1301.0,1301.0,5769.0,5832.0,4469.0,17604.0,46975.0,18038.0,7352.0,46855.0,9057.0,11838.0,35017.0,46855.0,1301.0,2811.0,-1188.0,-1178.0,2728.0,-1188.0,1623.0,35017.0,31156.0,0.49,1.34,5758.0,2006-09
9694.0,4810.0,1945.0,1501.0,1501.0,5764.0,5865.0,6598.0,18280.0,47084.0,17602.0,8625.0,48368.0,8514.0,11616.0,36752.0,48368.0,1501.0,4171.0,-1067.0,-458.0,3172.0,-1067.0,3104.0,36752.0,32891.0,0.5,1.32,5767.0,2006-12
8852.0,4432.0,1750.0,1636.0,1636.0,5777.0,5874.0,4472.0,17694.0,47910.0,17617.0,9584.0,48756.0,6626.0,11230.0,37526.0,48756.0,1636.0,1552.0,-1361.0,-462.0,3001.0,-1361.0,191.0,37526.0,33665.0,0.5,1.3,5810.0,2007-03
8680.0,4075.0,1432.0,1278.0,1278.0,5809.0,5917.0,4709.0,19648.0,46805.0,17143.0,9642.0,50294.0,6464.0,10596.0,39698.0,50294.0,1278.0,2417.0,-1278.0,200.0,2645.0,-1278.0,1139.0,39698.0,35837.0,0.47,1.27,5840.0,2007-06
10090.0,5171.0,2269.0,1791.0,1791.0,5837.0,5967.0,5844.0,21426.0,46967.0,16985.0,10711.0,53039.0,7763.0,12137.0,40902.0,53039.0,1791.0,3922.0,-1088.0,-619.0,3432.0,-1088.0,2834.0,40902.0,36985.0,0.51,1.3,5837.0,2007-09
10712.0,6226.0,3054.0,2271.0,2271.0,5840.0,5987.0,7307.0,23885.0,46052.0,16918.0,10932.0,55651.0,8571.0,12889.0,42762.0,55651.0,2271.0,4734.0,-1273.0,-1109.0,4225.0,-1273.0,3461.0,42762.0,38846.0,0.58,1.3,5788.0,2007-12
9673.0,5207.0,2391.0,1443.0,1443.0,5787.0,5879.0,5883.0,22064.0,46927.0,16667.0,10740.0,53387.0,8668.0,12727.0,40660.0,53387.0,1443.0,2215.0,-907.0,-2718.0,3556.0,-907.0,1308.0,40660.0,36744.0,0.54,1.31,5722.0,2008-03
9470.0,5249.0,2351.0,1601.0,1601.0,5699.0,5800.0,4079.0,19778.0,46533.0,16723.0,11976.0,52392.0,8032.0,12031.0,40361.0,52392.0,1601.0,2828.0,-1151.0,-3009.0,3456.0,-1151.0,1677.0,40361.0,36446.0,0.55,1.3,5640.0,2008-06
10217.0,6019.0,3132.0,2014.0,2014.0,5603.0,5692.0,3704.0,21423.0,47368.0,17026.0,10346.0,52719.0,10068.0,13808.0,38911.0,52719.0,2014.0,3287.0,-1374.0,-2330.0,4259.0,-1374.0,1913.0,38911.0,34987.0,0.59,1.35,5562.0,2008-09
8226.0,4369.0,1790.0,234.0,234.0,5564.0,5622.0,3350.0,19871.0,48118.0,17574.0,5819.0,50472.0,7818.0,10926.0,39546.0,50472.0,234.0,2596.0,-1765.0,-961.0,3009.0,-1765.0,831.0,39546.0,35614.0,0.53,1.28,5562.0,2008-12
7145.0,3238.0,721.0,629.0,629.0,5573.0,5634.0,3536.0,18142.0,49010.0,17815.0,5640.0,48454.0,6341.0,9390.0,39064.0,48454.0,629.0,378.0,-1509.0,-601.0,1991.0,-1509.0,-1131.0,39064.0,35132.0,0.45,1.24,5585.0,2009-03
8024.0,4079.0,79.0,-398.0,-398.0,5595.0,5595.0,3826.0,18467.0,48471.0,17515.0,5632.0,49061.0,7079.0,10014.0,39047.0,49061.0,-398.0,3384.0,-981.0,-869.0,1365.0,-981.0,2403.0,39047.0,35115.0,0.51,1.26,5597.0,2009-06
9389.0,5404.0,2642.0,1856.0,1856.0,5537.0,5616.0,4109.0,19247.0,48615.0,17354.0,5597.0,50996.0,7749.0,11963.0,39033.0,50996.0,1856.0,4003.0,-944.0,-340.0,3877.0,-944.0,3059.0,39033.0,34612.0,0.58,1.31,5520.0,2009-09
10569.0,6840.0,2500.0,2282.0,2282.0,5524.0,5651.0,3987.0,21157.0,47822.0,17225.0,5340.0,53095.0,7591.0,11391.0,41704.0,53095.0,2282.0,3405.0,-1081.0,-758.0,3761.0,-1081.0,2324.0,41704.0,37283.0,0.65,1.27,5523.0,2009-12
10299.0,6529.0,3448.0,2442.0,2442.0,5529.0,5681.0,4988.0,23724.0,47963.0,17028.0,5317.0,55773.0,8912.0,12873.0,42900.0,55773.0,2442.0,4079.0,-928.0,-406.0,4589.0,-928.0,3151.0,42900.0,38448.0,0.63,1.3,5537.0,2010-03
10765.0,7235.0,3981.0,2887.0,2887.0,5563.0,5711.0,5514.0,26464.0,48418.0,16946.0,4937.0,57691.0,7937.0,11850.0,45841.0,57691.0,2887.0,3486.0,-1048.0,-990.0,5130.0,-1048.0,2438.0,45841.0,41360.0,0.67,1.26,5567.0,2010-06
11457.0,7406.0,4023.0,3180.0,3180.0,5552.0,5699.0,5498.0,31611.0,50481.0,17899.0,4251.0,63186.0,9327.0,13756.0,49430.0,63186.0,3180.0,5550.0,-1869.0,-2597.0,5229.0,-1869.0,3681.0,49430.0,44039.0,0.65,1.28,5511.0,2010-12
12847.0,7885.0,4158.0,3160.0,3160.0,5452.0,5606.0,4188.0,22795.0,53012.0,19559.0,4414.0,65552.0,11565.0,18203.0,47349.0,65552.0,3160.0,4013.0,-2723.0,-4688.0,5600.0,-2723.0,1290.0,47349.0,31408.0,0.61,1.38,5336.0,2011-03
13032.0,7902.0,3935.0,2954.0,2954.0,5294.0,5441.0,4635.0,23102.0,54871.0,20778.0,4484.0,66089.0,10354.0,17366.0,48723.0,66089.0,2954.0,3971.0,-2484.0,-2745.0,5439.0,-2484.0,1487.0,48723.0,32882.0,0.61,1.36,5285.0,2011-06
14233.0,9018.0,4785.0,3468.0,3468.0,5194.0,5340.0,7057.0,26698.0,56817.0,22157.0,4739.0,70551.0,11909.0,24434.0,46117.0,70551.0,3468.0,6349.0,-2713.0,183.0,6314.0,-2713.0,3636.0,46117.0,30534.0,0.63,1.53,5118.0,2011-09
13887.0,8952.0,4599.0,3360.0,3360.0,5073.0,5246.0,5065.0,25872.0,58073.0,23627.0,1850.0,71119.0,12028.0,25208.0,45911.0,71119.0,3360.0,6630.0,-2844.0,-3850.0,6188.0,-2844.0,3786.0,45911.0,30390.0,0.64,1.55,5000.0,2011-12
12906.0,8265.0,3810.0,2738.0,2738.0,4999.0,5192.0,4429.0,25421.0,60602.0,25027.0,4600.0,71817.0,11941.0,25057.0,46760.0,71817.0,2738.0,2972.0,-2974.0,-1495.0,5595.0,-2974.0,-2.0,46760.0,31308.0,0.64,1.54,5006.0,2012-03
13501.0,8554.0,3832.0,2827.0,2827.0,5022.0,5199.0,5223.0,25785.0,61999.0,25976.0,4008.0,72352.0,10538.0,23573.0,48779.0,72352.0,2827.0,4739.0,-2662.0,-2176.0,5671.0,-2662.0,2077.0,48779.0,33363.0,0.63,1.48,5013.0,2012-06
13457.0,8515.0,3841.0,2972.0,2972.0,4996.0,5153.0,3520.0,23014.0,64166.0,27157.0,4033.0,74441.0,11953.0,25172.0,49269.0,74441.0,2972.0,5147.0,-2887.0,-2004.0,5734.0,-2887.0,2260.0,49269.0,33425.0,0.63,1.51,4982.0,2012-09
13477.0,7817.0,3155.0,2468.0,2468.0,4966.0,5097.0,8478.0,31358.0,66046.0,27983.0,1954.0,84351.0,12898.0,33148.0,51203.0,84351.0,2468.0,6026.0,-2504.0,4267.0,5160.0,-2504.0,3522.0,51203.0,35258.0,0.58,1.65,4944.0,2012-12
12580.0,7066.0,2519.0,2045.0,2045.0,4948.0,5080.0,5698.0,28677.0,67441.0,28418.0,2250.0,83083.0,11798.0,31889.0,51194.0,83083.0,2045.0,4285.0,-2174.0,-1738.0,4583.0,-2174.0,2111.0,51194.0,35631.0,0.56,1.62,4948.0,2013-03
12811.0,7470.0,2719.0,2000.0,2000.0,4978.0,5106.0,3778.0,29048.0,69505.0,29345.0,2502.0,85661.0,11389.0,31821.0,53840.0,85661.0,2000.0,4722.0,-2723.0,-1132.0,4710.0,-2723.0,1999.0,53840.0,38215.0,0.58,1.59,4981.0,2013-06
13483.0,8414.0,3628.0,2950.0,2950.0,4981.0,5100.0,4881.0,31350.0,71628.0,30346.0,2669.0,90551.0,13875.0,35099.0,55452.0,90551.0,2950.0,5731.0,-2866.0,-1306.0,5649.0,-2866.0,2865.0,55452.0,39551.0,0.62,1.63,4973.0,2013-09
13834.0,8571.0,3665.0,2625.0,2625.0,4973.0,5103.0,5674.0,32084.0,73416.0,31428.0,3181.0,92358.0,13568.0,34102.0,58256.0,92358.0,2625.0,6038.0,-2948.0,-1322.0,5621.0,-2948.0,3090.0,58256.0,42593.0,0.62,1.59,4967.0,2013-12
12764.0,7613.0,2647.0,1930.0,1930.0,4974.0,5117.0,4777.0,30554.0,75293.0,32502.0,3054.0,91932.0,13552.0,33894.0,58038.0,91932.0,1930.0,3501.0,-2689.0,-1650.0,4654.0,-2689.0,812.0,58038.0,42458.0,0.6,1.58,4972.0,2014-03
13831.0,8917.0,3925.0,2796.0,2796.0,4981.0,5123.0,3049.0,29006.0,77145.0,33115.0,2856.0,91793.0,12251.0,32546.0,59247.0,91793.0,2796.0,5453.0,-2828.0,-2915.0,6095.0,-2828.0,2625.0,59247.0,43929.0,0.64,1.55,4948.0,2014-06
14554.0,9458.0,4560.0,3317.0,3317.0,4880.0,5045.0,3143.0,27509.0,78503.0,33135.0,3008.0,90616.0,14904.0,34543.0,56073.0,90616.0,3317.0,5693.0,-2445.0,-4607.0,6758.0,-2445.0,3248.0,56073.0,41138.0,0.65,1.62,4857.0,2014-09
14721.0,9621.0,4510.0,3661.0,3661.0,4769.0,4939.0,2561.0,27730.0,79709.0,33238.0,3290.0,91900.0,16011.0,36035.0,55865.0,91900.0,3661.0,5771.0,-2143.0,-4439.0,6684.0,-2143.0,3628.0,55865.0,40558.0,0.65,1.65,4748.0,2014-12
12781.0,7730.0,2720.0,1992.0,1992.0,4741.0,4914.0,4244.0,26466.0,81286.0,33296.0,3229.0,89566.0,15035.0,34642.0,54924.0,89566.0,1992.0,4415.0,-2025.0,-2274.0,4819.0,-2025.0,2390.0,54924.0,39947.0,0.6,1.63,4742.0,2015-03
13195.0,8248.0,3144.0,2706.0,2706.0,4759.0,4909.0,4454.0,26710.0,82328.0,32683.0,3396.0,90492.0,13529.0,32797.0,57695.0,90492.0,2706.0,3440.0,-1767.0,-1945.0,5335.0,-1767.0,1673.0,57695.0,42432.0,0.63,1.57,4753.0,2015-06
14465.0,9111.0,4206.0,3109.0,3109.0,4747.0,4876.0,7065.0,36205.0,83002.0,31597.0,3675.0,98552.0,15080.0,41455.0,57097.0,98552.0,3109.0,5735.0,-1206.0,6043.0,6481.0,-1206.0,4529.0,57097.0,42049.0,0.63,1.73,4730.0,2015-09
14914.0,9590.0,4286.0,3613.0,3613.0,4721.0,4876.0,15308.0,38320.0,83396.0,31858.0,3642.0,101459.0,15646.0,40374.0,61085.0,101459.0,3613.0,5428.0,-2328.0,88.0,6432.0,-2328.0,3100.0,61085.0,45820.0,0.64,1.66,4725.0,2015-12
13702.0,8130.0,2568.0,2046.0,2046.0,4722.0,4875.0,3061.0,27397.0,84843.0,32644.0,3344.0,105467.0,17526.0,44293.0,61174.0,105467.0,2046.0,4055.0,-1346.0,-782.0,4583.0,-1346.0,2709.0,61174.0,33092.0,0.59,1.72,4716.0,2016-03
13533.0,7973.0,2732.0,1330.0,1330.0,4729.0,4866.0,3885.0,31188.0,87117.0,33804.0,3273.0,109831.0,18711.0,48464.0,61367.0,109831.0,1330.0,3845.0,-2286.0,1149.0,4649.0,-2286.0,1559.0,61367.0,33554.0,0.59,1.79,4728.0,2016-06
15778.0,9983.0,4834.0,3378.0,3378.0,4734.0,4877.0,4752.0,36216.0,88767.0,34707.0,3026.0,112217.0,20093.0,49102.0,63115.0,112217.0,3378.0,5758.0,-2463.0,-2208.0,6762.0,-2463.0,3295.0,63115.0,39723.0,0.63,1.78,4739.0,2016-09
16374.0,10147.0,4743.0,3562.0,3562.0,4736.0,4884.0,5560.0,35508.0,90105.0,36171.0,2733.0,113327.0,20302.0,47101.0,66226.0,113327.0,3562.0,8150.0,-3530.0,-3898.0,6673.0,-3530.0,4620.0,66226.0,42633.0,0.62,1.71,4730.0,2016-12
14796.0,9160.0,3712.0,2964.0,2964.0,4723.0,4881.0,4934.0,36058.0,92084.0,36911.0,2710.0,115648.0,21305.0,48804.0,66844.0,115648.0,2964.0,3898.0,-1952.0,-1746.0,5658.0,-1952.0,1946.0,66844.0,43588.0,0.62,1.73,4709.0,2017-03
14763.0,9096.0,3947.0,2808.0,2808.0,4710.0,4845.0,11687.0,40617.0,94650.0,38130.0,5021.0,122107.0,18782.0,53482.0,68625.0,122107.0,2808.0,4707.0,-2778.0,3484.0,5935.0,-2778.0,1929.0,68625.0,45656.0,0.62,1.78,4699.0,2017-06
16149.0,10064.0,5145.0,4516.0,4516.0,4688.0,4821.0,9075.0,33154.0,97520.0,39472.0,2987.0,127088.0,20689.0,56152.0,70936.0,127088.0,4516.0,6264.0,-2979.0,-2560.0,7200.0,-2979.0,3285.0,70936.0,33489.0,0.62,1.79,4680.0,2017-09
17053.0,10778.0,5630.0,-687.0,-687.0,4683.0,4793.0,3433.0,29500.0,100395.0,41109.0,3215.0,123249.0,17421.0,54230.0,69019.0,123249.0,-687.0,7241.0,-4069.0,-7653.0,7770.0,-4069.0,3172.0,69019.0,31885.0,0.63,1.79,4687.0,2017-12
16066.0,9731.0,4470.0,4454.0,4454.0,4674.0,4790.0,3554.0,31630.0,104400.0,43735.0,3614.0,128596.0,19961.0,58431.0,70165.0,128596.0,4454.0,6284.0,-2910.0,-1372.0,6666.0,-2910.0,3374.0,70165.0,33464.0,0.61,1.83,4660.0,2018-03
16962.0,10419.0,5273.0,5006.0,5006.0,4649.0,4747.0,2614.0,27603.0,107985.0,45914.0,3690.0,125972.0,17571.0,55925.0,70047.0,125972.0,5006.0,7413.0,-4530.0,-7160.0,7395.0,-4530.0,2883.0,70047.0,33598.0,0.61,1.8,4611.0,2018-06
19163.0,12360.0,7277.0,6398.0,6398.0,4574.0,4648.0,3407.0,29590.0,110755.0,47071.0,3955.0,128242.0,19574.0,56759.0,71483.0,128242.0,6398.0,8835.0,-3851.0,-4607.0,9551.0,-3851.0,4984.0,71483.0,34970.0,0.64,1.79,4564.0,2018-09
18657.0,11227.0,6224.0,5195.0,5195.0,4548.0,4620.0,3019.0,28787.0,114318.0,48976.0,4421.0,127963.0,16626.0,53400.0,74563.0,127963.0,5195.0,6900.0,-3890.0,-5468.0,8717.0,-3890.0,3010.0,74563.0,38214.0,0.6,1.72,4516.0,2018-12
16061.0,9089.0,4174.0,3974.0,3974.0,4492.0,4564.0,3154.0,29060.0,117478.0,50040.0,5661.0,129458.0,18911.0,55797.0,73661.0,129458.0,3974.0,4959.0,-3321.0,-2102.0,6799.0,-3321.0,1638.0,73661.0,37683.0,0.57,1.76,4477.0,2019-03
16505.0,9878.0,4801.0,4179.0,4179.0,4466.0,4523.0,2867.0,29239.0,120604.0,51377.0,6105.0,130759.0,19705.0,55812.0,74947.0,130759.0,4179.0,7587.0,-3554.0,-4586.0,7355.0,-3554.0,4033.0,74947.0,39115.0,0.6,1.74,4430.0,2019-06
19190.0,11295.0,6551.0,5990.0,5990.0,4391.0,4433.0,3935.0,29957.0,124746.0,53563.0,6255.0,133768.0,25064.0,59526.0,74242.0,133768.0,5990.0,10711.0,-4672.0,-5733.0,9230.0,-4672.0,6039.0,74242.0,38496.0,0.59,1.8,4350.0,2019-09
20209.0,11878.0,6902.0,6905.0,6905.0,4318.0,4371.0,4194.0,31239.0,128707.0,55386.0,5553.0,136524.0,22310.0,59020.0,77504.0,136524.0,6905.0,9888.0,-4666.0,-5144.0,9870.0,-4666.0,5222.0,77504.0,40401.0,0.59,1.76,4290.0,2019-12
19828.0,12016.0,7200.0,5661.0,5661.0,4266.0,4312.0,11380.0,41501.0,132456.0,56770.0,5911.0,147710.0,23895.0,71356.0,76354.0,147710.0,5661.0,6158.0,-3268.0,4764.0,10250.0,-3268.0,2890.0,76354.0,39649.0,0.61,1.93,4234.0,2020-03
19728.0,10507.0,5706.0,5105.0,5105.0,4246.0,4284.0,8736.0,44390.0,136024.0,58036.0,6082.0,152539.0,22481.0,70529.0,82010.0,152539.0,5105.0,11157.0,-3408.0,-3191.0,8769.0,-3408.0,7749.0,82010.0,44764.0,0.53,1.86,4253.0,2020-06
18333.0,9741.0,5034.0,4276.0,4276.0,4188.0,4211.0,3356.0,36785.0,139289.0,59205.0,6036.0,145261.0,22112.0,70707.0,74554.0,145261.0,4276.0,8179.0,-3716.0,-12793.0,8157.0,-3716.0,4463.0,74554.0,37718.0,0.53,1.95,4098.0,2020-09
19978.0,11348.0,5936.0,5857.0,5857.0,4097.0,4121.0,5865.0,47249.0,134229.0,56584.0,5917.0,153091.0,24754.0,72053.0,81038.0,153091.0,5857.0,9890.0,-4061.0,-1697.0,8939.0,-4061.0,5829.0,81038.0,45041.0,0.57,1.89,4062.0,2020-12
19673.0,10854.0,5903.0,3361.0,3361.0,4056.0,4096.0,5192.0,45773.0,137108.0,57330.0,5327.0,150622.0,24151.0,70815.0,79807.0,150622.0,3361.0,5348.0,-4388.0,-4020.0,8805.0,-4388.0,960.0,79807.0,44428.0,0.55,1.89,4038.0,2021-03
19631.0,11206.0,5892.0,5061.0,5061.0,4049.0,4084.0,4746.0,49372.0,139724.0,58166.0,5356.0,154597.0,24836.0,69390.0,85207.0,154597.0,5061.0,8801.0,-3868.0,-2334.0,8749.0,-3868.0,4933.0,85207.0,50421.0,0.57,1.81,4057.0,2021-06
19192.0,10746.0,5269.0,6823.0,6823.0,4061.0,4086.0,7870.0,61304.0,143157.0,59733.0,5452.0,167962.0,29572.0,77875.0,90087.0,167962.0,6823.0,9904.0,-4441.0,3849.0,8228.0,-4441.0,5463.0,90087.0,55617.0,0.56,1.86,4067.0,2021-09
20528.0,11009.0,5018.0,4623.0,4623.0,4071.0,4093.0,4827.0,57718.0,148539.0,63245.0,6072.0,168406.0,27462.0,73015.0,95391.0,168406.0,4623.0,5938.0,-7632.0,-3357.0,8092.0,-7632.0,-1694.0,95391.0,61158.0,0.54,1.77,4070.0,2021-12
18353.0,9244.0,3130.0,8113.0,8113.0,4079.0,4107.0,6215.0,62568.0,153814.0,66718.0,7210.0,176356.0,29322.0,73220.0,103136.0,176356.0,8113.0,5891.0,-4797.0,-1863.0,6478.0,-4797.0,1094.0,103136.0,69312.0,0.5,1.71,4089.0,2022-03
15321.0,5587.0,-613.0,-454.0,-454.0,4100.0,4100.0,4390.0,50588.0,160823.0,71660.0,8227.0,170418.0,27218.0,69200.0,101218.0,170418.0,-454.0,809.0,-7255.0,-2802.0,2535.0,-7255.0,-6446.0,101218.0,67204.0,0.36,1.68,4106.0,2022-06
15338.0,6535.0,489.0,1019.0,1019.0,4118.0,4125.0,4529.0,49263.0,167180.0,75763.0,10134.0,174841.0,27813.0,74956.0,99885.0,174841.0,1019.0,1030.0,-7299.0,3683.0,3741.0,-7299.0,-6269.0,99885.0,66026.0,0.43,1.75,4127.0,2022-09
