revenue,gross_profit,operating_income,net_income,net_income_available_to_shareholders,shares_basic,shares_diluted,cash_and_equiv,total_current_assets,ppe_gross,ppe_net,other_lt_assets,total_assets,total_current_liabilities,total_liabilities,total_equity,total_liabilities_and_equity,cfo_net_income,cf_cfo,cfi_ppe_net,cf_cff,ebitda,capex,fcf,book_value,tangible_book_value,gross_margin,assets_to_equity,shares_eop,period_end_date
9821.0,7099.0,2910.0,2070.0,2070.0,2968.4,3018.5,3061.0,20471.0,14899.0,8799.0,3299.0,41994.0,11457.0,17958.0,24036.0,41994.0,2070.0,2036.0,-405.0,-1009.0,3356.0,-405.0,1631.0,24036.0,14611.0,0.72,1.75,2968.89,2003-03
10332.0,7366.0,2888.0,1210.0,1210.0,2967.7,3015.9,2968.0,21375.0,15565.0,9064.0,3504.0,45653.0,12836.0,21216.0,24437.0,45653.0,1211.0,1657.0,-176.0,1012.0,3310.0,-176.0,1481.0,24437.0,12727.0,0.71,1.87,2968.89,2003-06
10455.0,7475.0,2870.0,2072.0,2072.0,2968.0,3008.3,3850.0,22146.0,16054.0,9245.0,3589.0,46659.0,12782.0,20921.0,25738.0,46659.0,2071.0,3350.0,-557.0,-1820.0,3349.0,-557.0,2793.0,25738.0,14059.0,0.71,1.81,2967.98,2003-09
11254.0,7746.0,2203.0,1845.0,1845.0,2968.0,3535.179,5377.0,22995.0,17052.0,9846.0,3883.0,48263.0,13448.0,21394.0,26869.0,48263.0,1845.0,3552.0,-789.0,-2046.0,2725.0,-789.0,2763.0,26869.0,15330.0,0.69,1.8,2967.97,2003-12
11559.0,8192.0,3457.0,2493.0,2493.0,2967.8,3004.6,5637.0,24364.0,17104.0,9669.0,3393.0,48868.0,12449.0,20374.0,28494.0,48868.0,2493.0,2655.0,-243.0,-1503.0,3959.0,-243.0,2412.0,28494.0,17052.0,0.71,1.72,2967.56,2004-03
11484.0,8322.0,3429.0,2458.0,2458.0,2968.2,3005.3,5681.0,24657.0,17257.0,9557.0,4152.0,50171.0,12062.0,20119.0,30052.0,50171.0,2458.0,2126.0,-238.0,-1069.0,3954.0,-238.0,1888.0,30052.0,18247.0,0.72,1.67,2967.77,2004-06
11553.0,8366.0,3314.0,2341.0,2341.0,2968.1,3009.0,7348.0,26816.0,17632.0,9595.0,3950.0,52089.0,12329.0,20576.0,31513.0,52089.0,2341.0,3889.0,-426.0,-1169.0,3793.0,-426.0,3463.0,31513.0,19785.0,0.72,1.65,2968.42,2004-09
12752.0,8994.0,2157.0,888.0,888.0,2968.1,2968.1,9203.0,27320.0,18664.0,10436.0,3719.0,53317.0,13927.0,21504.0,31813.0,53317.0,888.0,2419.0,-1304.0,-1365.0,2775.0,-1304.0,1115.0,31813.0,19971.0,0.71,1.68,2971.02,2004-12
12832.0,9336.0,3825.0,2839.0,2839.0,2972.1,3023.7,8539.0,28766.0,18666.0,10237.0,3625.0,54446.0,12981.0,20792.0,33654.0,54446.0,2839.0,2635.0,-320.0,-1200.0,4340.0,-320.0,2315.0,33654.0,21836.0,0.73,1.62,2972.39,2005-03
12762.0,9240.0,3437.0,2588.0,2588.0,2973.7,3024.7,12156.0,28720.0,18672.0,10091.0,3547.0,54553.0,11640.0,19384.0,35169.0,54553.0,2588.0,2014.0,-477.0,-1141.0,3985.0,-477.0,1537.0,35169.0,22974.0,0.72,1.55,2974.2,2005-06
12310.0,8956.0,3256.0,2538.0,2538.0,2974.6,3006.2,14825.0,30576.0,19086.0,10227.0,3685.0,56574.0,12047.0,19727.0,36847.0,56574.0,2538.0,3987.0,-836.0,-1298.0,3779.0,-836.0,3151.0,36847.0,24761.0,0.73,1.54,2975.01,2005-09
12610.0,8972.0,2313.0,2095.0,2095.0,2984.825,2986.74,16055.0,31480.0,19716.0,10830.0,4379.0,58864.0,12635.0,20154.0,38710.0,58864.0,2095.0,3163.0,-1186.0,-804.0,2820.0,-1186.0,1977.0,38710.0,26535.0,0.71,1.52,2974.48,2005-12
12992.0,9380.0,3753.0,3305.0,3305.0,2974.5,2992.7,16822.0,33752.0,20151.0,10951.0,4532.0,62133.0,13192.0,21010.0,41123.0,62133.0,3305.0,3474.0,-445.0,-1164.0,4274.0,-445.0,3029.0,41123.0,28225.0,0.72,1.51,2972.49,2006-03
13363.0,9575.0,3396.0,2820.0,2820.0,2954.0,2974.4,14647.0,31514.0,20965.0,11287.0,4915.0,60990.0,12189.0,20248.0,40742.0,60990.0,2820.0,2356.0,-588.0,-3794.0,3942.0,-588.0,1768.0,40742.0,27468.0,0.72,1.5,2933.99,2006-06
13287.0,9637.0,3627.0,2760.0,2760.0,2920.0,2948.1,14491.0,31286.0,21490.0,11462.0,5159.0,61238.0,12063.0,20665.0,40573.0,61238.0,2760.0,4135.0,-696.0,-3454.0,4166.0,-696.0,3439.0,40573.0,27242.0,0.73,1.51,2904.32,2006-09
13682.0,9675.0,2933.0,2168.0,2168.0,2912.411,2939.183,4083.0,22975.0,24028.0,13044.0,5849.0,70556.0,19161.0,31238.0,39318.0,70556.0,2168.0,4283.0,-498.0,2303.0,3504.0,-498.0,3785.0,39318.0,10630.0,0.71,1.79,2893.23,2006-12
15037.0,10652.0,4198.0,2573.0,2573.0,2894.2,2924.3,5175.0,24673.0,24239.0,13180.0,5982.0,73066.0,19663.0,32138.0,40928.0,73066.0,2573.0,3837.0,-272.0,-1085.0,4820.0,-272.0,3565.0,40928.0,11697.0,0.71,1.79,2894.02,2007-03
15131.0,10773.0,3878.0,3081.0,3081.0,2895.1,2922.5,5571.0,25804.0,24930.0,13385.0,6328.0,74683.0,18983.0,31561.0,43122.0,74683.0,3081.0,2897.0,-608.0,-1535.0,4561.0,-608.0,2289.0,43122.0,13956.0,0.71,1.73,2893.82,2007-06
14970.0,10696.0,3963.0,2548.0,2548.0,2887.7,2912.9,6640.0,28941.0,25699.0,13613.0,6603.0,78665.0,19328.0,35092.0,43573.0,78665.0,2548.0,4191.0,-711.0,-1230.0,4560.0,-711.0,3480.0,43573.0,14065.0,0.71,1.81,2861.75,2007-09
15957.0,11223.0,3174.0,2374.0,2374.0,2855.6,2884.9,7770.0,29945.0,26466.0,14185.0,8059.0,80954.0,19837.0,37635.0,43319.0,80954.0,2374.0,4097.0,-1137.0,-1848.0,4049.0,-1137.0,2960.0,43319.0,14556.0,0.7,1.87,2840.22,2007-12
16194.0,11580.0,4745.0,3598.0,3598.0,2832.3,2866.3,10539.0,33818.0,27415.0,14486.0,8258.0,85995.0,22071.0,40370.0,45625.0,85995.0,3598.0,3236.0,-479.0,-1110.0,5411.0,-479.0,2757.0,45625.0,16192.0,0.72,1.88,2817.53,2008-03
16450.0,11699.0,4256.0,3327.0,3327.0,2809.8,2844.8,12646.0,35817.0,27989.0,14627.0,8468.0,88113.0,21780.0,41678.0,46435.0,88113.0,3327.0,2842.0,-687.0,-188.0,4939.0,-687.0,2155.0,46435.0,17234.0,0.71,1.9,2796.42,2008-06
15921.0,11147.0,4091.0,3310.0,3310.0,2790.9,2831.3,14018.0,36590.0,27601.0,14355.0,8208.0,87724.0,22730.0,41990.0,45734.0,87724.0,3310.0,4893.0,-772.0,-1696.0,4859.0,-772.0,4121.0,45734.0,17163.0,0.7,1.92,2774.57,2008-09
15182.0,10810.0,3077.0,2714.0,2714.0,2774.3,2799.0,10768.0,34377.0,27392.0,14365.0,8475.0,84912.0,20852.0,42401.0,42511.0,84912.0,2714.0,4001.0,-1128.0,-4470.0,3792.0,-1128.0,2873.0,42511.0,14816.0,0.71,2.0,2765.8,2008-12
15026.0,10775.0,4649.0,3507.0,3507.0,2765.9,2789.8,12589.0,34839.0,27521.0,14253.0,8068.0,86100.0,21325.0,42309.0,43791.0,86100.0,3507.0,2827.0,-435.0,132.0,5325.0,-435.0,2392.0,43791.0,14868.0,0.72,1.97,2755.57,2009-03
15239.0,10789.0,4354.0,3208.0,3208.0,2756.2,2782.0,11686.0,35494.0,28411.0,14502.0,8552.0,87438.0,19886.0,41191.0,46247.0,87438.0,3208.0,3363.0,-567.0,-2060.0,5033.0,-567.0,2796.0,46247.0,17375.0,0.71,1.89,2754.34,2009-06
15081.0,10647.0,4263.0,3345.0,3345.0,2756.3,2793.0,11856.0,35602.0,29452.0,14815.0,9469.0,91558.0,19245.0,41174.0,50384.0,91558.0,3345.0,5094.0,-519.0,-3242.0,4938.0,-519.0,4575.0,50384.0,18731.0,0.71,1.82,2758.02,2009-09
16551.0,11239.0,3397.0,2206.0,2206.0,2758.0,2792.7,15810.0,39541.0,29251.0,14759.0,9197.0,94682.0,21731.0,44094.0,50588.0,94682.0,2206.0,5287.0,-844.0,1078.0,4141.0,-844.0,4443.0,50588.0,19403.0,0.68,1.87,2754.32,2009-12
15631.0,11103.0,4767.0,4526.0,4526.0,2755.4,2797.3,13743.0,38861.0,28963.0,14277.0,8527.0,93441.0,18499.0,40527.0,52914.0,93441.0,4526.0,3690.0,-295.0,-3822.0,5501.0,-295.0,3395.0,52914.0,21138.0,0.71,1.77,2757.83,2010-03
15330.0,10700.0,4296.0,3449.0,3449.0,2756.6,2796.0,12713.0,39023.0,28499.0,13881.0,8309.0,92300.0,17164.0,39449.0,52851.0,92300.0,3449.0,3837.0,-493.0,-2065.0,5007.0,-493.0,3344.0,52851.0,21764.0,0.7,1.75,2754.14,2010-06
14982.0,10388.0,4022.0,3417.0,3417.0,2751.6,2786.4,14338.0,42717.0,29927.0,14360.0,8727.0,98247.0,17414.0,40956.0,57291.0,98247.0,3417.0,5034.0,-528.0,-1699.0,4747.0,-528.0,4506.0,57291.0,24848.0,0.69,1.71,2747.71,2010-09
15644.0,10604.0,3442.0,1942.0,1942.0,2743.0,2779.2,19355.0,47307.0,30426.0,14553.0,9038.0,102908.0,23072.0,46329.0,56579.0,102908.0,1942.0,3824.0,-959.0,2606.0,4211.0,-959.0,2865.0,56579.0,24569.0,0.68,1.82,2738.1,2010-12
16173.0,11395.0,4601.0,3476.0,3476.0,2738.4,2772.7,22356.0,49221.0,31805.0,15084.0,9032.0,108150.0,24011.0,48287.0,59863.0,108150.0,3476.0,2316.0,-315.0,-825.0,5356.0,-315.0,2001.0,59863.0,25050.0,0.7,1.81,2738.45,2011-03
16597.0,11425.0,4328.0,2776.0,2776.0,2740.5,2781.3,14974.0,52673.0,32435.0,14974.0,9846.0,112114.0,20985.0,49982.0,62132.0,112114.0,2776.0,3909.0,-596.0,-639.0,5105.0,-596.0,3313.0,62132.0,27511.0,0.69,1.8,2740.58,2011-06
16005.0,10933.0,3920.0,3202.0,3202.0,2737.0,2778.2,15617.0,53443.0,31736.0,14635.0,9469.0,111821.0,21686.0,50294.0,61527.0,111821.0,3202.0,4622.0,-711.0,-2232.0,4703.0,-711.0,3911.0,61527.0,27253.0,0.68,1.82,2732.25,2011-09
16255.0,10917.0,3304.0,218.0,218.0,2728.5,2768.4,24542.0,54316.0,31829.0,14739.0,10313.0,113644.0,22811.0,56564.0,57080.0,113644.0,218.0,3451.0,-1128.0,-756.0,4147.0,-1128.0,2323.0,57080.0,22804.0,0.67,1.99,2724.36,2011-12
16139.0,11224.0,4564.0,3910.0,3910.0,2736.9,2774.9,30267.0,57007.0,32550.0,14824.0,9867.0,116194.0,21198.0,54828.0,61366.0,116194.0,3910.0,2795.0,-502.0,-1183.0,5337.0,-502.0,2293.0,61366.0,26870.0,0.7,1.89,2745.72,2012-03
16475.0,11332.0,4601.0,1408.0,1408.0,2747.4,2798.2,14042.0,41615.0,33297.0,15622.0,7902.0,115750.0,23848.0,55316.0,60434.0,115750.0,1408.0,4245.0,-598.0,-16255.0,5453.0,-598.0,3647.0,60434.0,9823.0,0.69,1.92,2750.56,2012-06
17052.0,11455.0,4304.0,2968.0,2968.0,2757.4,2818.1,15486.0,44791.0,34082.0,15845.0,7748.0,118951.0,23935.0,55190.0,63761.0,118951.0,2629.0,4980.0,-682.0,-1653.0,5309.0,-682.0,4298.0,63761.0,13194.0,0.67,1.87,2762.56,2012-09
17558.0,11555.0,3563.0,2567.0,2567.0,2771.9,2835.4,14911.0,46116.0,34654.0,16097.0,7958.0,121347.0,24262.0,56521.0,64826.0,121347.0,2567.0,3376.0,-1152.0,-1471.0,4599.0,-1152.0,2224.0,64826.0,13650.0,0.66,1.87,2778.49,2012-12
17505.0,11951.0,4944.0,3497.0,3497.0,2790.2,2858.8,14855.0,47228.0,34695.0,15721.0,8229.0,121536.0,22524.0,54681.0,66855.0,121536.0,3497.0,2277.0,-586.0,-777.0,5980.0,-586.0,1691.0,66855.0,16497.0,0.68,1.82,2803.16,2013-03
17877.0,12388.0,5066.0,3833.0,3833.0,2809.7,2893.0,17307.0,51273.0,35401.0,15794.0,7217.0,124325.0,23767.0,54660.0,69665.0,124325.0,3833.0,5051.0,-771.0,-1977.0,6056.0,-771.0,4280.0,69665.0,19624.0,0.69,1.78,2814.19,2013-06
17575.0,12231.0,4875.0,2982.0,2982.0,2818.4,2881.2,17204.0,52176.0,36432.0,16127.0,7311.0,126933.0,25835.0,57129.0,69804.0,126933.0,2982.0,5947.0,-809.0,-4519.0,5851.0,-809.0,5138.0,69804.0,18485.0,0.7,1.82,2820.66,2013-09
18355.0,12400.0,4072.0,3519.0,3519.0,2820.0,2871.0,20927.0,56407.0,37133.0,16710.0,8821.0,132683.0,25675.0,58630.0,74053.0,132683.0,3519.0,4139.0,-1429.0,1182.0,5174.0,-1429.0,2710.0,74053.0,23308.0,0.68,1.79,2820.63,2013-12
18115.0,12660.0,5646.0,4727.0,4727.0,2826.8,2874.7,19722.0,57369.0,36248.0,15996.0,10144.0,133330.0,23840.0,56748.0,76582.0,133330.0,4727.0,3923.0,-630.0,-3057.0,6659.0,-630.0,3293.0,76582.0,26761.0,0.7,1.74,2827.64,2014-03
19495.0,13456.0,5970.0,4326.0,4326.0,2826.4,2874.2,14236.0,60119.0,36947.0,16155.0,9815.0,135200.0,24359.0,57152.0,78048.0,135200.0,4326.0,5529.0,-837.0,-2868.0,6922.0,-837.0,4692.0,78048.0,28937.0,0.69,1.73,2822.58,2014-06
18467.0,13068.0,5577.0,4749.0,4749.0,2814.4,2864.3,13818.0,59973.0,36448.0,15804.0,8380.0,132097.0,22982.0,55506.0,76591.0,132097.0,4749.0,4654.0,-751.0,-5716.0,6516.0,-751.0,3903.0,76591.0,28651.0,0.71,1.72,2804.06,2014-09
18254.0,12401.0,3944.0,2521.0,2521.0,2794.8,2842.0,14523.0,55744.0,36685.0,16126.0,9434.0,130358.0,25031.0,60606.0,69752.0,130358.0,2521.0,4604.0,-1496.0,-858.0,4935.0,-1496.0,3108.0,69752.0,20698.0,0.68,1.87,2783.22,2014-12
17374.0,12092.0,5346.0,4320.0,4320.0,2782.6,2826.0,11988.0,58192.0,35403.0,15364.0,6664.0,128590.0,23836.0,60712.0,67878.0,128590.0,4320.0,2872.0,-543.0,-3227.0,6241.0,-543.0,2329.0,67878.0,19508.0,0.7,1.89,2775.87,2015-03
17787.0,12430.0,4917.0,4516.0,4516.0,2772.3,2812.0,10639.0,61001.0,36112.0,15583.0,6942.0,132036.0,24512.0,60905.0,71131.0,132036.0,4516.0,5472.0,-765.0,-2775.0,5806.0,-765.0,4707.0,71131.0,22621.0,0.7,1.86,2768.98,2015-06
17102.0,11878.0,4643.0,3358.0,3358.0,2768.4,2807.2,13639.0,63494.0,36397.0,15551.0,6954.0,133266.0,25260.0,61712.0,71554.0,133266.0,3358.0,6140.0,-789.0,-1840.0,5572.0,-789.0,5351.0,71554.0,24287.0,0.69,1.86,2767.28,2015-09
17811.0,12138.0,3383.0,3215.0,3215.0,2762.8,2800.3,13732.0,60210.0,36648.0,15905.0,9903.0,133411.0,27747.0,62261.0,71150.0,133411.0,3215.0,5085.0,-1366.0,-3294.0,4416.0,-1366.0,3719.0,71150.0,23757.0,0.68,1.88,2755.16,2015-12
17482.0,12153.0,5452.0,4457.0,4457.0,2757.2,2803.8,13861.0,62738.0,37430.0,15964.0,9841.0,136231.0,22134.0,63584.0,72647.0,136231.0,4457.0,2189.0,-639.0,-604.0,6343.0,-639.0,1550.0,72647.0,24959.0,0.7,1.88,2751.71,2016-03
18482.0,13146.0,5706.0,3997.0,3997.0,2745.4,2794.2,18640.0,66291.0,37779.0,15972.0,9753.0,139814.0,21536.0,67341.0,72473.0,139814.0,3997.0,4564.0,-757.0,-1038.0,6606.0,-757.0,3807.0,72473.0,24675.0,0.71,1.93,2737.65,2016-06
17820.0,12334.0,5384.0,4272.0,4272.0,2731.6,2785.4,18205.0,63319.0,38373.0,16095.0,10142.0,140369.0,23230.0,67600.0,72769.0,140369.0,4272.0,5361.0,-737.0,-3445.0,6292.0,-737.0,4624.0,72769.0,21956.0,0.69,1.93,2722.58,2016-09
18106.0,12468.0,4349.0,3814.0,3814.0,2714.5,2765.8,18972.0,65032.0,37773.0,15912.0,10583.0,141208.0,26287.0,70790.0,70418.0,141208.0,3814.0,6653.0,-1093.0,-3464.0,5404.0,-1093.0,5560.0,70418.0,20737.0,0.69,2.01,2706.51,2016-12
17766.0,12357.0,5524.0,4422.0,4422.0,2706.6,2754.5,20909.0,63347.0,38696.0,16191.0,11070.0,144918.0,25119.0,74577.0,70341.0,144918.0,4422.0,2913.0,-560.0,-150.0,6436.0,-560.0,2353.0,70341.0,16031.0,0.7,2.06,2694.91,2017-03
18839.0,12993.0,5408.0,3827.0,3827.0,2691.9,2741.5,12598.0,38789.0,40075.0,16458.0,11384.0,152807.0,28872.0,80885.0,71922.0,152807.0,3827.0,5772.0,-689.0,-1917.0,6558.0,-689.0,5083.0,71922.0,-14254.0,0.69,2.12,2685.19,2017-06
19650.0,12725.0,4717.0,3764.0,3764.0,2684.6,2737.7,15721.0,41829.0,40928.0,16628.0,11324.0,155658.0,31806.0,81679.0,73979.0,155658.0,3764.0,6266.0,-790.0,-2069.0,6428.0,-790.0,5476.0,73979.0,-11898.0,0.65,2.1,2684.98,2017-09
20195.0,12936.0,3248.0,-10713.0,-10713.0,2684.8,2742.0,17824.0,43088.0,41466.0,17005.0,12076.0,157303.0,30537.0,97143.0,60160.0,157303.0,-10713.0,6105.0,-1240.0,-3537.0,5117.0,-1240.0,4865.0,60160.0,-24974.0,0.64,2.61,2682.52,2017-12
20009.0,13395.0,5728.0,4367.0,4367.0,2682.2,2731.9,14639.0,42768.0,41996.0,17040.0,13303.0,156625.0,27081.0,93370.0,63255.0,156625.0,4367.0,3606.0,-658.0,-5970.0,7474.0,-658.0,2948.0,63255.0,-20259.0,0.67,2.48,2682.19,2018-03
20830.0,13903.0,5521.0,3954.0,3954.0,2682.3,2721.3,17569.0,45438.0,41293.0,16632.0,12893.0,155365.0,27488.0,92476.0,62889.0,155365.0,3954.0,6079.0,-875.0,-2674.0,7238.0,-875.0,5204.0,62889.0,-17513.0,0.67,2.47,2682.3,2018-06
20348.0,13759.0,5708.0,3934.0,3934.0,2683.2,2727.6,16056.0,47194.0,41520.0,16629.0,12541.0,155703.0,27437.0,91077.0,64626.0,155703.0,3934.0,6272.0,-819.0,-3477.0,7439.0,-819.0,5453.0,64626.0,-14713.0,0.68,2.41,2683.16,2018-09
20394.0,13433.0,4218.0,3042.0,3042.0,2678.2,2726.0,18107.0,46033.0,41851.0,17035.0,11822.0,152954.0,31230.0,93202.0,59752.0,152954.0,3042.0,6244.0,-1318.0,-6389.0,5953.0,-1318.0,4926.0,59752.0,-18312.0,0.66,2.56,2662.32,2018-12
20021.0,13406.0,5329.0,3749.0,3749.0,2660.8,2698.8,14734.0,41987.0,42262.0,17000.0,12692.0,150027.0,29111.0,91072.0,58955.0,150027.0,3749.0,3543.0,-656.0,-5516.0,7090.0,-656.0,2887.0,58955.0,-19393.0,0.67,2.54,2655.64,2019-03
20562.0,13622.0,5410.0,5607.0,5607.0,2652.5,2691.7,14376.0,41799.0,42905.0,17248.0,13077.0,155117.0,31353.0,94332.0,60785.0,155117.0,5607.0,5948.0,-837.0,-4534.0,7115.0,-837.0,5111.0,60785.0,-22208.0,0.66,2.55,2642.06,2019-06
20729.0,13862.0,5889.0,1753.0,1753.0,2635.2,2669.9,16249.0,44333.0,42625.0,17048.0,13003.0,155521.0,35162.0,97311.0,58210.0,155521.0,1753.0,7527.0,-745.0,-3893.0,7616.0,-745.0,6782.0,58210.0,-22927.0,0.67,2.67,2630.96,2019-09
20747.0,13613.0,4342.0,4010.0,4010.0,2631.9,2672.9,17305.0,45274.0,43332.0,17658.0,13514.0,157728.0,35964.0,98257.0,59471.0,157728.0,4010.0,6398.0,-1260.0,-4072.0,6158.0,-1260.0,5138.0,59471.0,-21811.0,0.66,2.65,2632.51,2019-12
20691.0,13629.0,5846.0,5796.0,5796.0,2633.7,2671.0,15530.0,44226.0,43247.0,17401.0,12581.0,155017.0,33689.0,93723.0,61294.0,155017.0,5796.0,3358.0,-625.0,-4315.0,7593.0,-625.0,2733.0,61294.0,-19515.0,0.66,2.53,2632.39,2020-03
18336.0,11757.0,4057.0,3626.0,3626.0,2632.9,2665.5,11174.0,45892.0,44056.0,17598.0,13587.0,158380.0,36772.0,95402.0,62978.0,158380.0,3626.0,3452.0,-662.0,-357.0,5783.0,-662.0,2790.0,62978.0,-18325.0,0.64,2.51,2632.38,2020-06
21082.0,14110.0,5839.0,3554.0,3554.0,2632.5,2669.3,18965.0,57578.0,45162.0,17855.0,13947.0,170693.0,38847.0,106220.0,64473.0,170693.0,3554.0,8383.0,-737.0,4196.0,7657.0,-737.0,7646.0,64473.0,-16840.0,0.67,2.65,2632.17,2020-09
22475.0,14661.0,4172.0,1738.0,1738.0,2632.2,2670.4,13985.0,51237.0,46804.0,18766.0,15096.0,174894.0,42493.0,111616.0,63278.0,174894.0,1738.0,8343.0,-1323.0,-5644.0,6112.0,-1323.0,7020.0,63278.0,-26517.0,0.65,2.76,2632.51,2020-12
22321.0,15258.0,6648.0,6197.0,6197.0,2631.6,2672.7,12671.0,52533.0,46430.0,18367.0,14859.0,172557.0,40932.0,106723.0,65834.0,172557.0,6197.0,4074.0,-677.0,-5125.0,8542.0,-677.0,3397.0,65834.0,-20964.0,0.68,2.62,2632.7,2021-03
23312.0,15725.0,6258.0,6278.0,6278.0,2632.5,2671.6,14332.0,53769.0,47201.0,18632.0,17976.0,176440.0,38721.0,106860.0,69580.0,176440.0,6278.0,5314.0,-813.0,-3279.0,8097.0,-813.0,4501.0,69580.0,-16483.0,0.67,2.54,2631.99,2021-06
23338.0,16088.0,6666.0,3667.0,3667.0,2632.6,2674.9,17604.0,59889.0,47347.0,18478.0,17516.0,179228.0,44561.0,108956.0,70272.0,179228.0,3667.0,8290.0,-747.0,-2207.0,8480.0,-747.0,7543.0,70272.0,-13073.0,0.69,2.55,2632.49,2021-09
24804.0,16849.0,4975.0,4736.0,4736.0,2631.8,2672.2,14487.0,60979.0,47679.0,18962.0,20439.0,182018.0,45226.0,107995.0,74023.0,182018.0,4736.0,5732.0,-1415.0,-3436.0,6818.0,-1415.0,4317.0,74023.0,-7615.0,0.68,2.46,2628.97,2021-12
23426.0,15828.0,6428.0,5149.0,5149.0,2629.2,2666.5,10463.0,60424.0,47702.0,18701.0,19875.0,178355.0,43390.0,103646.0,74709.0,178355.0,5149.0,3979.0,-607.0,-4385.0,8197.0,-607.0,3372.0,74709.0,-4646.0,0.68,2.39,2629.38,2022-03
24020.0,16101.0,6172.0,4814.0,4814.0,2629.6,2667.9,10983.0,63847.0,47144.0,18354.0,18949.0,177724.0,44821.0,101367.0,76357.0,177724.0,4814.0,5581.0,-863.0,-2261.0,7916.0,-863.0,4718.0,76357.0,-217.0,0.67,2.33,2629.03,2022-06
23791.0,15984.0,6298.0,4458.0,4458.0,2627.9,2661.3,11355.0,65236.0,46681.0,18152.0,18017.0,175124.0,45543.0,100525.0,74599.0,175124.0,4458.0,6284.0,-952.0,-3925.0,7983.0,-952.0,5332.0,74599.0,880.0,0.67,2.35,2616.88,2022-09
