revenue,gross_profit,operating_income,net_income,net_income_available_to_shareholders,shares_basic,shares_diluted,cash_and_equiv,total_current_assets,ppe_gross,ppe_net,other_lt_assets,total_assets,total_current_liabilities,total_liabilities,total_equity,total_liabilities_and_equity,cfo_net_income,cf_cfo,cfi_ppe_net,cf_cff,ebitda,capex,fcf,book_value,tangible_book_value,gross_margin,assets_to_equity,shares_eop,period_end_date
55.669,25.662,-4.911,-4.521,-4.521,318.318,318.318,66.028,113.194,85.935,14.588,2.562,135.629,43.91,44.565,91.064,135.629,-4.521,12.827,-6.582,1.142,3.851,-6.582,6.245,91.064,85.779,0.46,1.49,321.685,2003-03
63.187,27.946,2.848,3.313,3.313,331.072,431.368,71.229,119.585,104.2,23.461,2.542,150.065,51.532,52.059,98.006,150.065,5.459,23.62,-19.311,1.235,14.188,-19.311,4.309,98.006,93.529,0.44,1.53,335.422,2003-06
72.202,33.554,2.856,3.303,3.303,337.204,440.44,79.17,127.602,118.089,25.027,2.531,158.864,53.555,54.003,104.861,158.864,3.303,21.986,-14.139,0.437,17.07,-14.139,7.847,104.861,101.157,0.46,1.51,339.186,2003-09
81.185,36.721,1.533,2.271,2.271,355.946,355.946,89.894,138.946,29.325,9.772,24.346,176.012,63.019,63.304,112.708,176.012,2.271,31.359,-22.627,2.151,18.208,-22.627,8.732,112.708,109.76,0.45,1.56,355.946,2003-12
100.37,43.743,-6.35,-5.79,-5.79,358.974,358.974,100.188,148.958,29.881,10.328,29.625,191.233,77.5,77.708,113.525,191.233,-5.79,33.8,-1.261,1.708,13.655,-1.261,32.539,113.525,111.203,0.44,1.68,360.823,2004-03
120.321,50.533,2.617,2.891,2.891,363.286,454.825,153.444,158.721,30.606,11.053,32.551,204.193,81.908,82.287,121.906,204.193,2.891,31.966,-1.437,2.187,25.535,-1.437,30.529,121.906,120.038,0.42,1.68,364.849,2004-06
141.644,70.043,18.398,18.925,18.925,365.477,451.143,167.814,176.569,33.202,13.649,44.004,235.637,90.33,90.817,144.82,235.637,18.925,49.268,-2.935,0.273,40.87,-2.935,46.333,144.82,143.405,0.49,1.63,366.124,2004-09
138.276,4.58,4.689,5.569,5.569,367.906,451.227,174.461,187.346,42.205,18.728,44.758,251.793,94.91,95.51,156.283,251.793,5.569,30.235,-104.557,1.607,27.498,-104.557,-74.322,156.283,155.322,0.03,1.61,369.124,2004-12
152.446,41.325,-9.783,-8.814,-8.814,369.712,369.712,165.822,174.036,47.112,23.635,55.404,253.582,100.776,101.469,152.113,253.582,-8.814,29.443,-5.151,0.286,14.615,-5.151,24.292,152.113,151.606,0.27,1.67,370.752,2005-03
164.027,46.178,4.454,5.684,5.684,372.33,452.144,170.972,182.405,50.887,27.41,58.786,268.728,103.41,104.195,164.533,268.728,5.684,36.494,-67.719,3.313,32.542,-67.719,-31.225,164.533,164.406,0.28,1.63,373.984,2005-06
172.74,57.091,5.52,6.946,6.946,375.851,462.084,181.886,191.918,53.892,30.415,55.5,278.302,98.755,99.63,178.672,278.302,6.946,32.503,-25.479,3.9,32.56,-25.479,7.024,178.672,178.203,0.33,1.56,377.734,2005-09
193.0,71.844,2.798,38.211,38.211,380.807,471.016,212.256,243.691,72.623,40.213,23.288,364.681,137.587,138.429,226.252,364.681,38.211,59.067,-35.45,5.815,30.274,-35.45,23.617,226.252,168.763,0.37,1.61,383.29,2005-12
224.126,75.861,4.782,4.404,4.404,386.491,465.192,227.765,255.32,72.498,40.088,23.097,392.945,154.233,155.145,237.8,392.945,4.404,45.99,-34.024,3.834,35.684,-34.024,11.966,237.8,163.36,0.34,1.65,388.572,2006-03
239.351,88.772,23.488,17.037,17.037,408.681,484.225,341.702,370.09,131.049,98.639,42.964,512.712,145.327,146.358,366.354,512.712,17.037,53.299,-47.866,108.43,59.263,-47.866,5.433,366.354,365.335,0.37,1.4,475.557,2006-06
255.95,97.157,17.055,12.781,12.781,476.567,492.415,368.741,395.094,75.574,43.164,19.329,550.594,162.482,163.591,387.003,550.594,12.781,61.462,75.013,4.699,57.399,75.013,136.475,387.003,293.996,0.38,1.42,477.079,2006-09
277.233,107.885,18.688,14.86,14.86,479.43,492.954,400.43,428.418,100.846,55.503,19.95,608.779,193.447,194.568,414.211,608.779,14.86,87.111,-177.66,9.218,68.803,-177.66,-90.549,414.211,309.303,0.39,1.47,480.287,2006-12
305.32,110.348,11.215,9.864,9.864,480.851,494.704,218.458,426.273,109.795,64.452,20.248,625.11,191.721,192.906,432.204,625.11,9.864,63.029,-80.928,4.842,65.2,-80.928,-17.899,432.204,318.067,0.36,1.45,481.334,2007-03
303.693,107.0,38.273,25.494,25.494,476.217,489.237,184.182,410.57,112.698,67.355,20.473,612.3,167.033,168.219,444.081,612.3,25.406,65.329,-66.321,-15.708,94.756,-66.321,-0.99200000000001,444.081,330.179,0.35,1.38,473.467,2007-06
293.972,99.519,21.552,15.732,15.732,465.283,476.63,179.804,418.318,116.959,71.616,20.009,624.197,187.832,189.759,434.438,624.197,15.906,77.373,118.482,-29.554,75.253,118.482,195.855,434.438,320.184,0.34,1.44,459.672,2007-09
302.355,102.305,20.121,15.776,15.776,455.945,468.496,177.439,416.532,143.557,77.326,57.179,683.492,213.399,253.68,429.812,683.492,15.776,86.092,-10.413,-23.581,80.938,-10.413,75.679,429.812,297.357,0.34,1.59,454.39,2007-12
326.183,103.378,14.477,13.344,13.344,439.432,453.88,168.989,326.162,153.228,86.997,27.158,585.678,226.964,230.245,355.433,585.678,13.344,64.062,-12.431,-90.645,78.631,-12.431,51.631,355.433,210.072,0.32,1.65,430.852,2008-03
337.614,107.527,34.201,26.579,26.579,432.474,446.999,144.289,359.154,337.66,256.481,30.388,646.023,205.377,256.561,389.462,646.023,26.579,91.952,-135.96,6.848,99.717,-135.96,-44.008,389.462,389.462,0.32,1.66,433.374,2008-06
341.269,116.773,34.074,20.371,20.371,422.856,435.904,111.524,301.375,218.291,128.541,30.525,582.999,207.889,258.166,324.833,582.999,20.371,35.923,112.072,-86.593,89.895,112.072,147.995,324.833,202.275,0.34,1.79,413.84,2008-09
359.595,126.749,37.921,22.732,22.732,412.237,422.59,139.881,358.925,223.786,124.948,33.004,615.424,216.017,268.269,347.155,615.424,22.732,92.1,-7.471,-6.245,94.641,-7.471,84.629,347.155,248.608,0.35,1.77,412.037,2008-12
394.098,134.83,35.374,22.363,22.363,411.138,424.963,115.131,364.88,231.441,123.817,139.981,628.678,226.713,282.366,346.312,628.678,22.363,65.633,-6.572,-25.715,93.853,-6.572,59.061,346.312,346.312,0.34,1.82,409.465,2009-03
408.509,139.266,52.782,32.443,32.443,405.104,417.62,87.471,342.564,120.346,120.346,28.767,591.993,211.186,267.622,324.371,591.993,32.443,75.302,-6.933,-59.213,115.03,-6.933,68.369,324.371,224.055,0.34,1.83,401.91,2009-06
423.12,147.846,49.337,30.141,30.141,393.022,405.566,55.717,234.962,122.119,122.119,30.511,492.131,203.522,259.929,232.202,492.131,30.141,78.311,-9.994,-125.655,115.645,-9.994,68.317,232.202,127.663,0.35,2.12,382.499,2009-09
444.542,169.056,48.789,30.913,30.913,374.584,387.681,134.224,411.013,265.947,131.653,137.068,679.734,227.436,480.591,199.143,679.734,30.913,105.817,-22.433,125.942,-100.202,-22.433,83.384,199.143,199.143,0.38,3.41,374.081,2009-12
493.665,186.503,58.345,32.272,32.272,370.377,383.425,79.861,379.538,270.977,127.165,141.59,648.293,243.447,501.558,146.735,648.293,32.272,77.205,-6.393,-90.743,131.496,-6.393,70.812,146.735,146.735,0.38,4.42,365.833,2010-03
519.819,204.885,77.342,43.519,43.519,367.402,380.268,107.327,441.218,276.304,123.292,34.796,693.972,258.167,517.332,176.64,693.972,43.519,60.252,-5.671,-21.319,151.794,-5.671,54.581,176.64,81.974,0.39,3.93,366.507,2010-06
595.922,205.132,78.453,47.095,47.095,368.102,379.351,194.499,637.231,265.149,128.57,216.266,982.067,388.579,691.903,290.164,982.067,47.095,96.717,-14.431,42.857,183.721,-14.431,82.286,290.164,290.164,0.34,3.38,369.474,2010-12
718.553,280.402,102.24,60.233,60.233,369.313,379.722,150.419,721.602,276.51,134.8,233.786,1090.188,490.318,814.466,275.722,1090.188,60.233,116.323,-16.32,-86.728,224.993,-16.32,100.003,275.722,275.722,0.39,3.95,367.634,2011-03
788.61,298.632,115.114,68.214,68.214,367.29,377.363,175.207,969.444,288.141,136.948,39.055,1570.693,726.709,1236.659,334.034,1570.693,68.214,86.392,-8.626,-26.655,293.762,-8.626,77.766,334.034,-91.212,0.38,4.7,367.754,2011-06
821.839,285.222,96.842,62.46,62.46,367.983,377.09,159.199,1190.113,305.345,143.993,57.242,1961.558,967.966,1573.206,388.352,1961.558,62.46,49.531,-14.08,-23.958,319.201,-14.08,35.451,388.352,-181.858,0.35,5.05,367.529,2011-09
875.575,300.42,61.872,35.219,35.219,375.137,388.164,508.053,1830.857,306.038,136.353,55.052,3069.196,1225.055,2426.386,642.81,3069.196,35.219,65.466,-10.656,398.997,377.731,-10.656,54.81,642.81,-404.124,0.34,4.77,387.79,2011-12
869.791,245.858,-1.935,-4.584,-4.584,388.192,388.192,395.992,2058.741,306.284,128.197,1293.521,3480.459,1446.666,2817.057,663.402,3480.459,-4.584,19.109,-4.766,4.032,369.178,-4.766,14.343,663.402,663.402,0.28,5.25,388.609,2012-03
889.163,245.735,16.154,6.164,6.164,388.682,411.663,402.251,2137.785,310.298,124.644,1215.861,3478.29,1498.844,2790.064,688.226,3478.29,6.164,19.407,-3.359,-0.117,419.502,-3.359,16.048,688.226,688.226,0.28,5.05,388.74,2012-06
905.089,242.451,16.135,7.675,7.675,388.787,411.103,370.298,2225.018,329.833,133.603,83.646,3808.833,1598.223,3091.993,716.84,3808.833,7.675,-2.925,-10.808,-0.158,451.342,-10.808,-13.733,716.84,-649.726,0.27,5.31,388.819,2012-09
945.239,223.18,19.638,7.897,7.897,388.92,413.903,290.291,2240.791,336.037,131.681,89.409999999999,3967.89,1675.926,3223.217,744.673,3967.89,7.897,-14.005,-21.345,1.832,512.053,-21.345,-35.35,744.673,-761.335,0.24,5.33,389.11,2012-12
1023.961,287.009,31.822,2.689,2.689,391.804,421.022,418.051,2557.1,337.751,129.319,100.196,4363.289,1688.714,3550.37,812.919,4363.289,2.689,-12.25,-12.118,321.582,547.85,-12.118,-24.368,812.919,-763.755,0.28,5.37,393.008,2013-03
1069.372,308.698,57.117,29.471,29.471,407.344,424.13,370.678,2570.322,347.704,127.931,100.296,4480.751,1670.264,3375.129,1105.622,4480.751,29.471,33.943,-8.088,48.959,597.102,-8.088,25.855,1105.622,-576.58,0.29,4.05,412.457,2013-06
1105.999,307.099,57.12,31.822,31.822,413.756,426.93,439.056,2849.278,344.419,127.263,116.397,4901.325,1935.136,3696.955,1204.37,4901.325,31.822,34.693,-10.828,45.795,639.512,-10.828,23.865,1204.37,-604.017,0.28,4.07,414.805,2013-09
1175.23,354.553,82.288,48.421,48.421,416.391,429.17,604.965,3058.763,357.196,133.605,129.124,5412.563,2154.203,4079.002,1333.561,5412.563,48.421,41.445,-23.109,59.928,685.563,-23.109,18.336,1333.561,-757.51,0.3,4.06,417.249,2013-12
1270.089,400.903,97.595,53.115,53.115,418.719,430.836,1157.45,3586.784,368.104,133.473,148.375,6048.106,2263.653,4569.748,1478.358,6048.106,53.115,36.359,-13.334,458.186,726.833,-13.334,23.025,1478.358,-701.116,0.32,4.09,419.582,2014-03
1340.407,425.559,129.6,71.018,71.018,419.974,431.441,1214.244,3668.38,386.805,141.715,166.931,6325.822,2335.124,4716.117,1609.705,6325.822,71.018,56.024,-19.869,28.473,798.537,-19.869,36.155,1609.705,-739.091,0.32,3.93,420.637,2014-06
1409.432,455.038,110.407,59.295,59.295,421.194,432.742,1183.217,3823.482,396.554,144.147,178.818,6778.329,2548.655,5053.455,1724.874,6778.329,59.295,-37.439,-21.032,30.662,829.187,-21.032,-58.471,1724.874,-907.008,0.32,3.93,421.725,2014-09
1484.728,470.396,65.046,83.371,83.371,422.26,432.527,1113.608,3927.053,414.691,149.875,192.246,7042.5,2663.154,5184.792,1857.708,7042.5,83.371,-38.461,-15.491,24.391,829.889,-15.491,-53.952,1857.708,-915.618,0.32,3.79,422.911,2014-12
1573.129,526.728,97.456,23.696,23.696,423.624,433.809,2454.777,5539.056,423.055,145.816,243.401,9240.626,3008.849,7331.412,1909.214,9240.626,23.696,-127.382,-13.036,1522.434,883.326,-13.036,-140.418,1909.214,-1403.139,0.33,4.84,424.345,2015-03
1644.694,522.942,74.835,26.335,26.335,425.34,436.097,2293.872,5600.51,453.169,171.396,242.188,9654.861,3220.069,7622.786,2032.075,9654.861,26.335,-181.343,-27.538,62.547,933.829,-27.538,-208.881,2032.075,-1608.692,0.32,4.75,426.005,2015-06
1738.355,564.397,73.641,29.432,29.432,426.869,437.606,2115.437,5569.713,472.305,181.268,273.496,9916.267,3341.418,7748.949,2167.318,9916.267,29.432,-195.969,-37.82,72.754,979.68,-37.82,-233.789,2167.318,-1724.472,0.32,4.58,427.388,2015-09
1823.333,573.968,59.894,43.178,43.178,427.689,438.277,1809.33,5431.84,470.758,173.412,284.802,10202.871,3529.624,7979.445,2223.426,10202.871,43.178,-244.745,-12.854,-17.458,1056.036,-12.854,-257.599,2223.426,-2089.391,0.31,4.59,427.94,2015-12
1957.736,588.196,49.453,27.658,27.658,428.117,437.993,1605.244,5543.836,471.501,166.254,292.024,11262.274,3933.632,8945.041,2317.233,11262.274,27.658,-228.59,-8.425,14.907,1143.213,-8.425,-237.015,2317.233,-2942.927,0.3,4.86,428.289,2016-03
2105.204,632.106,70.37,40.755,40.755,428.483,438.154,1390.925,5386.918,474.209,162.864,300.787,11593.507,4051.837,9177.673,2415.834,11593.507,40.755,-226.293,-10.814,17.612,1279.883,-10.814,-237.107,2415.834,-3327.104,0.3,4.8,428.725,2016-06
2290.188,757.344,106.036,51.517,51.517,428.937,438.389,969.158,5193.893,505.958,191.876,283.895,12347.338,4411.405,9818.372,2528.966,12347.338,51.517,-461.941,-27.366,16.639,1363.838,-27.366,-489.307,2528.966,-4148.708,0.33,4.88,429.145,2016-09
2477.541,595.561,153.934,66.748,66.748,429.746,440.068,1467.576,5720.291,544.604,250.395,341.423,13586.61,4586.657,10906.81,2679.8,13586.61,66.748,-557.16,-61.048,1042.472,1517.837,-61.048,-618.208,2679.8,-4594.701,0.24,5.07,430.054,2016-12
2636.635,979.611,256.942,178.222,178.222,430.6,445.458,1077.824,5660.33,566.683,275.083,394.571,14359.096,4911.229,11385.413,2973.683,14359.096,178.222,-343.856,-52.523,24.239,1596.272,-52.523,-396.379,2973.683,-5055.429,0.37,4.83,430.993,2017-03
2785.464,883.156,127.807,65.6,65.6,431.396,446.262,1918.777,6700.785,615.881,309.831,428.133,16517.223,5122.945,13404.723,3112.5,16517.223,65.6,-534.528,-65.231,1420.386,1713.663,-65.231,-599.759,3112.5,-5965.974,0.32,5.31,431.75,2017-06
2984.859,991.879,208.627,129.59,129.59,432.404,447.362,1746.469,6385.348,644.222,322.421,504.067,16951.54,5310.677,13624.179,3327.361,16951.54,129.59,-419.607,-33.963,34.422,1868.601,-33.963,-453.57,3327.361,-6412.343,0.33,5.09,432.731,2017-09
3285.755,805.067,245.303,185.517,185.517,433.121,448.155,2822.795,7669.974,641.218,319.404,652.309,19012.742,5466.312,15430.786,3581.956,19012.742,185.517,-487.957,-21.585,1597.943,1929.871,-21.585,-509.542,3581.956,-6789.099,0.25,5.31,433.393,2017-12
3700.856,1400.277,446.578,290.124,290.124,434.174,450.359,2593.666,7817.576,679.798,341.932,678.486,20152.797,6005.587,16132.067,4020.73,20152.797,290.124,-236.757,-37.17,56.014,2225.597,-37.17,-273.927,4020.73,-7294.073,0.38,5.01,434.657,2018-03
3907.27,1504.839,462.213,384.349,384.349,435.097,451.552,3906.357,9346.889,689.942,349.646,674.932,22663.537,6079.641,18166.937,4496.6,22663.537,384.349,-518.239,-27.323,1909.412,2310.92,-27.323,-545.562,4496.6,-7795.47,0.39,5.04,435.457,2018-06
3999.374,1468.246,480.668,402.835,402.835,435.809,451.919,3067.534,8729.981,727.115,371.152,856.653,23366.229,6298.24,18356.576,5009.653,23366.229,402.835,-690.411,-39.333,29.237,2423.555,-39.333,-729.744,5009.653,-8398.79,0.37,4.66,436.085,2018-09
4186.841,1453.441,215.767,133.934,133.934,436.397,451.127,3794.483,9694.135,786.8,418.281,910.843,25974.4,6487.32,20735.635,5238.765,25974.4,133.934,-1235.072,-70.12,2053.864,2260.399,-70.12,-1305.192,5238.765,-9712.376,0.35,4.96,436.599,2018-12
4520.992,1650.378,459.084,344.052,344.052,436.947,451.922,3348.557,4168.907,805.395,434.372,1726.568,27218.632,6857.807,21515.574,5703.058,27218.632,344.052,-379.799,-60.381,22.972,2607.331,-60.381,-440.18,5703.058,-15185.727,0.37,4.77,437.192,2019-03
4923.116,1917.459,706.419,270.65,270.65,437.587,452.195,5004.247,5877.157,837.511,452.399,1896.043,30171.339,6933.984,24065.791,6105.548,30171.339,270.65,-543.754,-39.584,2246.9,2963.83,-39.584,-583.338,6105.548,-15840.192,0.39,4.94,437.835,2019-06
5244.905,2146.986,980.239,665.244,665.244,438.09,451.552,4435.018,5327.758,884.596,481.992,1896.967,30941.711,7257.9,24080.206,6861.505,30941.711,665.244,-501.794,-45.333,11.989,3286.92,-45.333,-547.127,6861.505,-16373.489,0.41,4.51,438.251,2019-09
5467.434,2001.411,458.512,586.97,586.97,438.555,451.372,5018.437,6178.504,981.226,565.221,2727.42,33975.712,6855.696,26393.555,7582.157,33975.712,586.97,-1461.975,-107.737,2223.801,3065.999,-107.737,-1569.712,7582.157,-16922.41,0.37,4.48,438.807,2019-12
5767.691,2167.99,958.256,709.067,709.067,439.352,452.494,5151.884,6447.781,1087.011,650.455,2694.785,35059.91,7853.725,26650.616,8409.294,35059.91,709.067,259.912,-98.015,43.694,3470.158,-98.015,161.897,8409.294,-16857.595,0.38,4.17,439.781,2020-03
6148.286,2504.579,1357.928,720.196,720.196,440.569,453.945,7153.248,8564.139,1212.147,751.941,2704.084,37175.281,7626.418,27840.528,9334.753,37175.281,720.196,1041.076,-141.741,1090.965,3991.748,-141.741,899.335,9334.753,-15820.364,0.41,3.98,441.015,2020-06
6435.637,2567.886,1314.863,789.976,789.976,441.526,455.088,8392.391,9826.48,1302.303,828.118,2900.312,38622.543,7939.795,28289.22,10333.323,38622.543,789.976,1263.761,-109.811,68.665,4077.195,-109.811,1153.95,10333.323,-14734.31,0.4,3.74,441.795,2020-09
6644.442,2479.282,954.242,542.156,542.156,442.23,455.294,8205.55,9761.58,1454.973,960.183,3174.646,39280.359,7805.785,28215.119,11065.24,39280.359,542.156,-137.672,-148.356,33.987,3968.81,-148.356,-286.028,11065.24,-14318.71,0.37,3.55,442.895,2020-12
7163.282,3294.771,1959.856,1706.715,1706.715,443.224,455.641,8403.705,10107.508,1535.963,1015.419,2956.096,40123.014,7961.77,27238.934,12884.08,40123.014,1706.715,777.266,-81.001,-451.929,4714.793,-81.001,696.265,12884.08,-13159.911,0.46,3.11,443.384,2021-03
7341.777,3323.769,1847.63,1353.013,1353.013,443.159,455.129,7777.53,9604.276,1660.402,1107.437,2967.616,40970.969,7832.888,27107.098,13863.871,40970.969,1353.013,-63.761,-110.278,-480.273,4692.867,-110.278,-174.039,13863.871,-13427.769,0.45,2.96,442.596,2021-06
7483.467,3276.878,1755.253,1449.071,1449.071,442.778,454.925,7526.681,9415.787,1813.485,1220.114,3129.911,42739.857,8049.246,27425.24,15314.617,42739.857,1449.071,82.379,-167.327,-81.555,4788.557,-167.327,-84.948,15314.617,-13659.428,0.44,2.79,442.952,2021-09
7709.318,2469.743,631.77,607.429,607.429,443.464,455.798,6027.804,8069.825,1939.759,1323.453,4271.846,44584.663,8488.966,28735.415,15849.248,44584.663,607.429,-403.274,-165.979,-136.019,4437.071,-165.979,-569.253,15849.248,-15070.291,0.32,2.81,443.963,2021-12
7867.767,3583.062,1971.626,1597.447,1597.447,444.146,452.984,6008.946,8098.015,2073.895,1383.763,4657.206,45330.904,7739.656,27786.865,17544.039,45330.904,1597.447,922.839,-121.158,-686.322,5212.593,-121.158,801.681,17544.039,-13647.881,0.46,2.58,444.274,2022-03
7970.141,3279.386,1578.283,1440.951,1440.951,444.557,450.169,5819.449,7840.778,2026.816,1361.92,4615.038,46350.935,7500.022,27274.961,19075.974,46350.935,1440.951,102.75,-90.018,11.25,4923.136,-90.018,12.732,19075.974,-13457.225,0.41,2.43,444.706,2022-06
7925.589,3136.924,1533.018,1398.242,1398.242,444.878,450.344,6113.733,8816.903,2082.776,1372.754,4595.19,47562.187,7765.924,27034.046,20528.141,47562.187,1398.242,556.81,-84.96,4.113,5271.798,-84.96,471.85,20528.141,-12249.199,0.4,2.32,444.706,2022-09
