revenue,gross_profit,operating_income,net_income,net_income_available_to_shareholders,shares_basic,shares_diluted,cash_and_equiv,total_current_assets,ppe_gross,ppe_net,other_lt_assets,total_assets,total_current_liabilities,total_liabilities,total_equity,total_liabilities_and_equity,cfo_net_income,cf_cfo,cfi_ppe_net,ebitda,capex,fcf,book_value,tangible_book_value,gross_margin,assets_to_equity,shares_eop,period_end_date
8525.0,7460.0,3494.0,4665.0,4665.0,6101.4,6161.7,2068.0,31103.0,16835.0,11038.0,9557.0,52928.0,18754.0,28085.0,24843.0,52928.0,4665.0,2337.0,796.0,3763.0,796.0,3133.0,24843.0,23613.0,0.88,2.13,7894.47,2003-03
9900.0,7920.0,1866.0,-3591.0,-3593.0,7453.4,7453.4,2190.0,34744.0,24522.0,18279.0,11698.0,124258.0,22157.0,53976.0,70282.0,124258.0,-3592.0,2133.0,3587.0,2802.0,3587.0,5720.0,70043.0,10506.0,0.8,1.77,7786.22,2003-06
12348.0,9063.0,2587.0,2235.0,2234.0,7710.7,7791.2,1610.0,33067.0,24338.0,17961.0,11879.0,120058.0,21660.0,51527.0,68531.0,120058.0,2235.0,2873.0,-645.0,3685.0,-645.0,2228.0,68302.0,11151.0,0.73,1.75,7631.52,2003-09
13982.0,10716.0,2682.0,602.0,600.0,7586.5,7661.9,1520.0,30677.0,25072.0,18156.0,10086.0,116775.0,23909.0,51398.0,65377.0,116775.0,602.0,4384.0,-765.0,4404.0,-765.0,3619.0,65158.0,7302.0,0.77,1.79,7629.0,2003-12
12487.0,10693.0,4288.0,2331.0,2330.0,7586.0,7679.0,965.0,35389.0,25069.0,17703.0,9743.0,122289.0,24637.0,53241.0,69048.0,122289.0,2331.0,1583.0,-363.0,5549.0,-363.0,1220.0,68837.0,9383.0,0.86,1.77,7625.06,2004-03
12274.0,10522.0,3615.0,2863.0,2862.0,7574.1,7664.0,652.0,36685.0,24601.0,17299.0,8688.0,119961.0,25158.0,53256.0,66705.0,119961.0,2864.0,3591.0,-23.0,4871.0,-23.0,3568.0,66500.0,9211.0,0.86,1.8,7550.78,2004-06
12831.0,11191.0,4424.0,3341.0,3340.0,7501.0,7569.0,1864.0,39057.0,25489.0,17477.0,9019.0,122229.0,25239.0,53846.0,68383.0,122229.0,3341.0,5176.0,52.0,5689.0,52.0,5228.0,68183.0,11507.0,0.87,1.79,7531.0,2004-09
11395.0,10189.0,4099.0,2825.0,2824.0,7462.0,7530.0,1808.0,39088.0,26919.0,18385.0,8598.0,123078.0,26458.0,54800.0,68278.0,123078.0,2825.0,5990.0,-991.0,5410.0,-991.0,4999.0,68085.0,11078.0,0.89,1.8,7473.0,2004-12
13091.0,10900.0,4169.0,301.0,301.0,7416.0,7474.0,1476.0,42353.0,26446.0,17912.0,7998.0,122935.0,28948.0,55403.0,67532.0,122935.0,301.0,3193.0,-465.0,5535.0,-465.0,2728.0,67345.0,12673.0,0.83,1.82,7435.34,2005-03
11452.0,9690.0,3238.0,3463.0,3461.0,7366.0,7418.0,1276.0,33573.0,26207.0,17673.0,7672.0,112327.0,22566.0,46999.0,65328.0,112327.0,3462.0,3790.0,-532.0,4648.0,-532.0,3258.0,65148.0,11739.0,0.85,1.72,7370.5,2005-06
11263.0,9652.0,3554.0,1589.0,1588.0,7333.0,7382.0,959.0,32768.0,26718.0,17519.0,7274.0,110343.0,20395.0,43536.0,66807.0,110343.0,1589.0,3013.0,-496.0,4921.0,-496.0,2517.0,66632.0,13850.0,0.86,1.65,7371.4,2005-09
12547.0,10565.0,3411.0,2733.0,2731.0,7328.0,7372.0,2247.0,46835.0,25760.0,16233.0,6673.0,116970.0,28412.0,51206.0,65764.0,116970.0,2733.0,4737.0,-613.0,4844.0,-613.0,4124.0,65595.0,18366.0,0.84,1.78,7361.0,2005-12
11747.0,10076.0,4313.0,4111.0,4111.0,7314.0,7348.0,2869.0,37415.0,26630.0,17103.0,6627.0,112959.0,19674.0,43350.0,69609.0,112959.0,4111.0,3961.0,-418.0,5664.0,-418.0,3543.0,69450.0,17636.0,0.86,1.62,7327.39,2006-03
11741.0,9951.0,3505.0,2415.0,2413.0,7282.0,7305.0,1921.0,40994.0,26010.0,16483.0,6882.0,111550.0,20055.0,43061.0,68489.0,111550.0,2415.0,5143.0,-469.0,4848.0,-469.0,4674.0,68337.0,21146.0,0.85,1.63,7291.45,2006-06
12280.0,10318.0,3867.0,3362.0,3361.0,7228.0,7251.0,1177.0,38721.0,25944.0,16417.0,7073.0,108585.0,17688.0,38873.0,69712.0,108585.0,3362.0,4014.0,-551.0,5199.0,-551.0,3463.0,69566.0,23192.0,0.84,1.56,7210.44,2006-09
12603.0,10386.0,2597.0,9449.0,9448.0,7143.0,7178.0,1827.0,47658.0,27063.0,16632.0,6030.0,115546.0,22099.0,44114.0,71432.0,115546.0,9449.0,4476.0,-765.0,3864.0,-765.0,3711.0,71291.0,26065.0,0.82,1.62,7124.0,2006-12
12474.0,10587.0,4746.0,3392.0,3391.0,7051.0,7075.0,2492.0,42337.0,26912.0,16481.0,7253.0,110483.0,13301.0,37995.0,72488.0,110483.0,3392.0,1243.0,-329.0,6017.0,-329.0,914.0,72364.0,27952.0,0.85,1.52,7018.26,2007-03
11084.0,8975.0,2183.0,1267.0,1266.0,6966.0,6990.0,2138.0,41622.0,26729.0,16298.0,8596.0,110403.0,15136.0,42309.0,68094.0,110403.0,1267.0,3665.0,-428.0,3624.0,-428.0,3237.0,67984.0,24097.0,0.81,1.62,6927.11,2007-06
11990.0,7372.0,831.0,761.0,760.0,6875.0,6894.0,2611.0,41840.0,26145.0,15714.0,9268.0,109030.0,14328.0,42420.0,66610.0,109030.0,761.0,4678.0,-461.0,2203.0,-461.0,4217.0,66507.0,24299.0,0.61,1.64,6829.81,2007-09
12870.0,10245.0,2576.0,2724.0,2723.0,6776.0,6798.0,3406.0,46849.0,28103.0,15734.0,10805.0,115268.0,21835.0,50144.0,65124.0,115268.0,2724.0,3767.0,-773.0,3692.0,-773.0,2994.0,65031.0,23151.0,0.8,1.77,6761.0,2007-12
11848.0,9862.0,3800.0,2784.0,2784.0,6739.0,6762.0,2013.0,51011.0,27752.0,15383.0,10704.0,118550.0,21682.0,50990.0,67560.0,118550.0,2784.0,3271.0,-483.0,5287.0,-483.0,2788.0,67474.0,26022.0,0.83,1.75,6765.2,2008-03
12129.0,9840.0,3192.0,2776.0,2776.0,6732.0,6748.0,820.0,48651.0,27294.0,14925.0,11360.0,116515.0,23193.0,49797.0,66718.0,116515.0,2788.0,5042.0,-385.0,4421.0,-385.0,4657.0,66637.0,25058.0,0.81,1.75,6740.99,2008-06
11973.0,9851.0,3822.0,2278.0,2278.0,6718.0,6736.0,1265.0,48227.0,26701.0,14332.0,12359.0,115249.0,21503.0,47758.0,67491.0,115249.0,2284.0,3952.0,-444.0,5018.0,-444.0,3508.0,67415.0,27084.0,0.82,1.71,6742.94,2008-09
12346.0,10631.0,627.0,266.0,266.0,6718.0,6750.0,2122.0,43076.0,25128.0,13287.0,4122.0,111148.0,27009.0,53408.0,57740.0,111148.0,271.0,5973.0,-389.0,1805.0,-389.0,5584.0,57667.0,18482.0,0.86,1.92,6745.27,2008-12
10867.0,9459.0,4357.0,2729.0,2729.0,6723.0,6753.0,1247.0,54253.0,12936.0,12936.0,3802.0,122932.0,23340.0,62491.0,60441.0,122932.0,2730.0,3147.0,-253.0,5365.0,-253.0,2894.0,60372.0,21967.0,0.87,2.03,6747.98,2009-03
10984.0,9228.0,3580.0,2261.0,2261.0,6728.0,6752.0,2244.0,71550.0,13194.0,13194.0,3614.0,139339.0,26109.0,76104.0,63235.0,139339.0,2266.0,4514.0,-269.0,4586.0,-269.0,4245.0,63169.0,24764.0,0.84,2.2,6749.14,2009-06
11621.0,9832.0,4362.0,2878.0,2878.0,6730.0,6762.0,4234.0,73784.0,13173.0,13173.0,4250.0,141294.0,23992.0,75044.0,66250.0,141294.0,2881.0,4101.0,-261.0,5331.0,-261.0,3840.0,66186.0,28265.0,0.85,2.13,8069.54,2009-09
16537.0,12602.0,3521.0,767.0,767.0,7847.0,7906.0,1978.0,61670.0,33924.0,22780.0,4986.0,212949.0,37225.0,122503.0,90446.0,212949.0,767.0,4825.0,-422.0,5295.0,-422.0,4403.0,90385.0,-20006.0,0.76,2.35,8070.0,2009-12
16576.0,12374.0,4339.0,2026.0,2026.0,8061.0,8101.0,1759.0,49916.0,21651.0,21651.0,4337.0,195113.0,25924.0,105031.0,90082.0,195113.0,2035.0,-6360.0,-305.0,6390.0,-305.0,-6665.0,90024.0,-17104.0,0.75,2.17,8067.98,2010-03
17132.0,13448.0,5115.0,2475.0,2475.0,8046.0,8072.0,1877.0,51101.0,20041.0,20041.0,4032.0,191071.0,24681.0,104193.0,86878.0,191071.0,2485.0,4873.0,-373.0,7328.0,-373.0,4500.0,86822.0,-18551.0,0.78,2.2,8038.28,2010-06
15995.0,12205.0,2240.0,866.0,866.0,8027.0,8057.0,2176.0,54089.0,19450.0,19450.0,5118.0,191415.0,24172.0,103347.0,88068.0,191415.0,871.0,6683.0,-288.0,4469.0,-288.0,6395.0,88014.0,-14400.0,0.76,2.17,8009.95,2010-09
15462.0,12350.0,4863.0,2890.0,2890.0,8009.0,8059.0,1735.0,60468.0,32298.0,19123.0,4170.0,195014.0,28609.0,106749.0,88265.0,195014.0,2897.0,6258.0,-547.0,6769.0,-547.0,5711.0,88213.0,-13292.0,0.8,2.21,8012.0,2010-12
16502.0,12809.0,4839.0,2222.0,2222.0,7982.0,8035.0,730.0,58244.0,18833.0,18833.0,4718.0,194956.0,29171.0,104423.0,90533.0,194956.0,2234.0,4642.0,-250.0,6943.0,-250.0,4392.0,90484.0,-12866.0,0.78,2.15,7991.21,2011-03
16485.0,12914.0,4499.0,2610.0,2610.0,7875.0,7935.0,3096.0,60484.0,18281.0,18281.0,4761.0,195899.0,30471.0,106936.0,88963.0,195899.0,2618.0,5898.0,-358.0,6748.0,-358.0,5540.0,88916.0,-13250.0,0.78,2.2,7802.13,2011-06
16609.0,13200.0,5178.0,3738.0,3738.0,7770.0,7810.0,3706.0,62732.0,17721.0,17721.0,5205.0,196132.0,27856.0,105602.0,90530.0,196132.0,3749.0,4439.0,-454.0,7393.0,-454.0,3985.0,90484.0,-10522.0,0.79,2.17,7686.97,2011-09
11917.0,9866.0,2399.0,1439.0,1439.0,7637.0,7705.0,3182.0,60817.0,29237.0,15921.0,5697.0,188002.0,28909.0,105381.0,82621.0,188002.0,1448.0,5261.0,-598.0,4857.0,-598.0,4663.0,82576.0,-13177.0,0.83,2.28,7575.0,2011-12
14885.0,12140.0,4690.0,1794.0,1794.0,7537.0,7598.0,2934.0,54863.0,16192.0,16192.0,5943.0,185683.0,27094.0,102006.0,83677.0,185683.0,1803.0,2774.0,-254.0,6911.0,-254.0,2520.0,83634.0,-14419.0,0.82,2.22,7537.43,2012-03
13968.0,11592.0,5052.0,3253.0,3253.0,7476.0,7537.0,3031.0,58765.0,14756.0,14756.0,5806.0,182842.0,30798.0,102881.0,79961.0,182842.0,3260.0,4021.0,-294.0,6723.0,-294.0,3727.0,79919.0,-13048.0,0.83,2.29,7469.48,2012-06
12953.0,10644.0,4055.0,3208.0,3207.0,7436.0,7508.0,4506.0,57127.0,14606.0,14606.0,5862.0,182603.0,29131.0,100488.0,82115.0,182603.0,3214.0,5003.0,-285.0,5711.0,-285.0,4718.0,82074.0,-9505.0,0.82,2.22,7362.57,2012-09
13891.0,11138.0,3560.0,6315.0,6314.0,7319.0,7382.0,10081.0,64831.0,25965.0,13213.0,4798.0,185798.0,29186.0,104120.0,81678.0,185798.0,6321.0,4948.0,-494.0,5667.0,-494.0,4454.0,81639.0,-7168.0,0.8,2.27,7276.0,2012-12
12410.0,10147.0,4001.0,2750.0,2750.0,7187.0,7269.0,2134.0,64763.0,13950.0,13950.0,5432.0,187398.0,27543.0,104571.0,82827.0,187398.0,2765.0,2303.0,-202.0,5775.0,-202.0,2101.0,82789.0,-5072.0,0.82,2.26,7185.64,2013-03
12973.0,10731.0,4470.0,14095.0,14095.0,7042.0,7117.0,2436.0,61435.0,12443.0,12443.0,5143.0,179335.0,23450.0,100358.0,78977.0,179335.0,14134.0,3757.0,-309.0,6096.0,-309.0,3448.0,78941.0,-5266.0,0.83,2.27,6620.3,2013-06
12643.0,10356.0,4217.0,2590.0,2590.0,6581.0,6656.0,2052.0,59500.0,12359.0,12359.0,4982.0,175521.0,20373.0,97167.0,78354.0,175521.0,2599.0,5900.0,-278.0,5738.0,-278.0,5622.0,78319.0,-4630.0,0.82,2.24,6481.07,2013-09
13558.0,10764.0,3678.0,2568.0,2567.0,6438.0,6532.0,2183.0,56244.0,25678.0,12397.0,5150.0,172101.0,23366.0,95481.0,76620.0,172101.0,2574.0,5724.0,-417.0,5167.0,-417.0,5307.0,76587.0,-5317.0,0.79,2.25,6399.0,2013-12
11353.0,9308.0,3528.0,2329.0,2329.0,6389.0,6476.0,2862.0,57793.0,12347.0,12347.0,5257.0,171808.0,24790.0,93740.0,78068.0,171808.0,2338.0,2935.0,-292.0,4984.0,-292.0,2643.0,78036.0,-2553.0,0.82,2.2,6393.53,2014-03
12773.0,10311.0,4031.0,2912.0,2911.0,6368.0,6444.0,3406.0,58287.0,12179.0,12179.0,4957.0,172612.0,21938.0,95656.0,76956.0,172612.0,2921.0,4087.0,-278.0,5455.0,-278.0,3809.0,76925.0,-3096.0,0.81,2.24,6340.86,2014-06
12361.0,9993.0,3663.0,2666.0,2666.0,6330.0,6403.0,2437.0,56987.0,12032.0,12032.0,4793.0,171362.0,19920.0,93057.0,78305.0,171362.0,2673.0,4463.0,-275.0,4989.0,-275.0,4188.0,78275.0,-824.0,0.81,2.19,6300.66,2014-09
13118.0,10416.0,2277.0,1228.0,1228.0,6295.0,6373.0,3343.0,55595.0,24988.0,11762.0,5455.0,167566.0,21587.0,95944.0,71622.0,167566.0,1236.0,5599.0,-354.0,3608.0,-354.0,5245.0,71593.0,-5643.0,0.79,2.34,6291.0,2014-12
10864.0,9026.0,3097.0,2376.0,2376.0,6203.0,6292.0,3563.0,49443.0,11527.0,11527.0,5194.0,160640.0,20222.0,93053.0,67587.0,160640.0,2381.0,680.0,-239.0,4357.0,-239.0,441.0,67559.0,-8628.0,0.83,2.38,6157.67,2015-03
11853.0,9673.0,3681.0,2626.0,2626.0,6159.0,6243.0,3670.0,51715.0,11432.0,11432.0,5086.0,160878.0,24143.0,93698.0,67180.0,160878.0,2636.0,4090.0,-258.0,4882.0,-258.0,3832.0,67152.0,-7843.0,0.82,2.39,6167.35,2015-06
12087.0,9868.0,3939.0,2130.0,2130.0,6168.0,6243.0,3099.0,45001.0,13695.0,13695.0,5424.0,170867.0,27845.0,103743.0,67124.0,170867.0,2138.0,5020.0,-289.0,5211.0,-289.0,4731.0,67097.0,-23417.0,0.82,2.55,6173.0,2015-09
14047.0,10637.0,2261.0,-172.0,-172.0,6176.0,6251.0,3641.0,43804.0,27268.0,13766.0,5212.0,167381.0,29399.0,102383.0,64998.0,167381.0,-169.0,4898.0,-611.0,3685.0,-611.0,4287.0,64972.0,-23628.0,0.76,2.58,6175.0,2015-12
13005.0,10154.0,4032.0,3038.0,3038.0,6150.0,6225.0,2561.0,41298.0,27586.0,13584.0,5741.0,162929.0,28735.0,99582.0,63347.0,162929.0,3048.0,1808.0,-301.0,5457.0,-301.0,1507.0,63321.0,-24839.0,0.78,2.57,6191.88,2016-03
13147.0,9973.0,3793.0,2047.0,2047.0,6068.0,6149.0,3411.0,43845.0,28246.0,13609.0,6424.0,170658.0,32099.0,107592.0,63066.0,170658.0,2063.0,3606.0,-401.0,5180.0,-401.0,3205.0,63041.0,-30615.0,0.76,2.71,6065.65,2016-06
13045.0,9960.0,3552.0,1355.0,1355.0,6066.0,6150.0,2094.0,38501.0,28122.0,13284.0,6620.0,178430.0,34759.0,114829.0,63601.0,178430.0,1354.0,4737.0,-432.0,4948.0,-432.0,4305.0,63576.0,-46942.0,0.76,2.81,6068.35,2016-09
13628.0,10417.0,2333.0,775.0,775.0,6071.0,6111.0,2595.0,38949.0,28125.0,13318.0,5135.0,171615.0,31115.0,111775.0,59840.0,171615.0,781.0,6041.0,-689.0,3882.0,-689.0,5352.0,59816.0,-47281.0,0.76,2.87,6070.0,2016-12
12779.0,10311.0,4094.0,3121.0,3121.0,6006.0,6092.0,4057.0,35878.0,28288.0,13238.0,5240.0,168784.0,24864.0,110038.0,58746.0,168784.0,3130.0,1584.0,-358.0,5649.0,-358.0,1226.0,58723.0,-48359.0,0.81,2.87,5955.13,2017-03
12896.0,10236.0,3811.0,3073.0,3073.0,5958.0,6037.0,2585.0,36385.0,28892.0,13386.0,5417.0,168558.0,27182.0,109864.0,58694.0,168558.0,3078.0,3240.0,-448.0,5385.0,-448.0,2792.0,58671.0,-47691.0,0.79,2.87,5947.35,2017-06
13168.0,10324.0,3778.0,2840.0,2840.0,5951.0,6041.0,2779.0,40291.0,29411.0,13505.0,5245.0,172151.0,28217.0,111041.0,61110.0,172151.0,2858.0,4889.0,-450.0,5344.0,-450.0,4439.0,61088.0,-44711.0,0.78,2.82,5960.71,2017-09
13703.0,10447.0,2389.0,12274.0,12274.0,5964.0,6061.0,1342.0,41141.0,30037.0,13865.0,5084.0,171797.0,30427.0,100141.0,71656.0,171797.0,12289.0,7089.0,-700.0,3963.0,-700.0,6389.0,71635.0,-33057.0,0.76,2.4,5979.0,2017-12
12906.0,10343.0,3992.0,3561.0,3561.0,5957.0,6057.0,2302.0,34835.0,30636.0,13971.0,4779.0,164612.0,27365.0,94071.0,70541.0,164612.0,3570.0,1983.0,-386.0,5559.0,-386.0,1597.0,70520.0,-33562.0,0.8,2.33,5948.59,2018-03
13466.0,10550.0,4020.0,3872.0,3872.0,5866.0,5952.0,2704.0,37303.0,30763.0,13919.0,4743.0,164980.0,32156.0,94856.0,70124.0,164980.0,3879.0,3847.0,-424.0,5582.0,-424.0,3423.0,70104.0,-32316.0,0.78,2.35,5862.11,2018-06
13298.0,10604.0,3849.0,4114.0,4114.0,5875.0,5986.0,3559.0,41583.0,31114.0,14036.0,4854.0,167838.0,29013.0,96174.0,71664.0,167838.0,4122.0,5259.0,-547.0,5463.0,-547.0,4712.0,71644.0,-29277.0,0.8,2.34,5780.47,2018-09
1155.0,341.0,-5130.0,-393.0,-393.0,5791.0,5914.0,1139.0,49926.0,29976.0,13385.0,4722.0,159422.0,31858.0,95664.0,63758.0,159422.0,-7710.0,4738.0,-627.0,-3723.0,-627.0,4111.0,63739.0,-24883.0,0.3,2.5,5717.0,2018-12
13118.0,10685.0,4460.0,3884.0,3884.0,5635.0,5750.0,1937.0,45290.0,29625.0,13467.0,6278.0,155421.0,29423.0,96263.0,59158.0,155421.0,3889.0,1698.0,-460.0,6005.0,-460.0,1238.0,59139.0,-28388.0,0.81,2.63,5557.0,2019-03
13264.0,10688.0,4151.0,5046.0,5046.0,5562.0,5672.0,1784.0,47073.0,29910.0,13521.0,6323.0,156199.0,32030.0,96275.0,59924.0,156199.0,5056.0,2611.0,-479.0,5679.0,-479.0,2132.0,59906.0,-26471.0,0.81,2.61,5562.0,2019-06
12680.0,10078.0,3323.0,7680.0,7680.0,5545.0,5649.0,2785.0,33459.0,30429.0,13701.0,6904.0,170446.0,36974.0,105050.0,65396.0,170446.0,7683.0,4510.0,-565.0,4876.0,-565.0,3945.0,65378.0,-32282.0,0.79,2.61,5531.0,2019-09
1843.0,1400.0,-4625.0,-583.0,-583.0,5533.0,5630.0,1121.0,32803.0,27959.0,12969.0,19537.0,167594.0,37304.0,104147.0,63447.0,167594.0,-5890.0,3769.0,-542.0,-3496.0,-542.0,3227.0,63430.0,-18708.0,0.76,2.64,5534.0,2019-12
10083.0,8143.0,3081.0,3355.0,3355.0,5545.0,5613.0,2151.0,34738.0,30969.0,14040.0,6372.0,166336.0,33890.0,100998.0,65338.0,166336.0,2483.0,3133.0,-449.0,4247.0,-449.0,2684.0,65321.0,-27645.0,0.81,2.55,5552.0,2020-03
9864.0,8038.0,2432.0,3489.0,3489.0,5554.0,5619.0,1801.0,46424.0,31002.0,14113.0,6686.0,177934.0,32723.0,113370.0,64564.0,177934.0,2604.0,3555.0,-457.0,3631.0,-457.0,3098.0,64564.0,-27427.0,0.81,2.76,5554.0,2020-06
10277.0,8270.0,2450.0,1469.0,1469.0,5557.0,5633.0,1587.0,47739.0,31039.0,14403.0,7003.0,178983.0,34154.0,113488.0,65495.0,178983.0,917.0,2090.0,-507.0,3658.0,-507.0,1583.0,65495.0,-25335.0,0.8,2.73,5557.0,2020-09
11427.0,8716.0,865.0,846.0,846.0,5564.0,5662.0,1786.0,35067.0,28406.0,13745.0,7263.0,154229.0,25920.0,90756.0,63473.0,154229.0,1017.0,5625.0,-813.0,2069.0,-813.0,4812.0,63473.0,-14419.0,0.76,2.43,5567.0,2020-12
14516.0,10359.0,4730.0,4877.0,4877.0,5584.0,5662.0,1768.0,39533.0,29116.0,14011.0,7282.0,158818.0,26652.0,89953.0,68865.0,158818.0,4885.0,4538.0,-554.0,5937.0,-554.0,3984.0,68865.0,-8899.0,0.71,2.31,5594.0,2021-03
18899.0,11903.0,5824.0,5563.0,5563.0,5598.0,5678.0,2372.0,48814.0,29552.0,14224.0,8750.0,169920.0,35664.0,99605.0,70315.0,169920.0,5825.0,11299.0,-537.0,7132.0,-537.0,10762.0,70315.0,-6875.0,0.63,2.42,5599.0,2021-06
24035.0,14103.0,7555.0,8146.0,8146.0,5609.0,5725.0,1966.0,57900.0,29839.0,14436.0,9460.0,179188.0,41803.0,103221.0,75967.0,179188.0,8171.0,10829.0,-618.0,8896.0,-618.0,10211.0,75967.0,172.0,0.59,2.36,5611.0,2021-09
23838.0,14102.0,2126.0,3393.0,3393.0,5613.0,5768.0,1944.0,59693.0,29956.0,14882.0,11021.0,181476.0,42671.0,104014.0,77462.0,181476.0,3578.0,5914.0,-1002.0,3461.0,-1002.0,4912.0,77462.0,3108.0,0.59,2.34,5620.0,2021-12
25661.0,15677.0,9948.0,7864.0,7864.0,5617.0,5758.0,2470.0,54420.0,30467.0,15109.0,13548.0,183841.0,39268.0,101156.0,82685.0,183841.0,7879.0,6541.0,-643.0,11135.0,-643.0,5898.0,82685.0,2658.0,0.61,2.22,5591.0,2022-03
27742.0,19094.0,12409.0,9906.0,9906.0,5593.0,5712.0,1780.0,67466.0,30213.0,15244.0,14661.0,195290.0,47410.0,107821.0,87469.0,195290.0,9877.0,8170.0,-751.0,13584.0,-751.0,7419.0,87469.0,8513.0,0.69,2.23,5593.0,2022-06
22638.0,16575.0,9666.0,8608.0,8608.0,5607.0,5718.0,1298.0,70403.0,30372.0,15441.0,18027.0,195350.0,44314.0,102459.0,92891.0,195350.0,8644.0,5974.0,-841.0,10849.0,-841.0,5133.0,92891.0,15300.0,0.73,2.1,5612.0,2022-09
