revenue,gross_profit,operating_income,net_income,net_income_available_to_shareholders,shares_basic,shares_diluted,cash_and_equiv,total_current_assets,ppe_gross,ppe_net,other_lt_assets,total_assets,total_current_liabilities,total_liabilities,total_equity,total_liabilities_and_equity,cfo_net_income,cf_cfo,cfi_ppe_net,ebitda,capex,fcf,book_value,tangible_book_value,gross_margin,assets_to_equity,shares_eop,period_end_date
18.585,1.781,-22.925,-24.242,-24.242,2099.745,2099.745,69.627,100.559,36.265,23.535,6.33,130.424,57.489,383.947,-253.523,130.424,-24.242,-29.007,-6.199,-20.99,-6.199,-35.206,-253.523,-253.523,0.1,-0.51,1396.64,2009-12
28.405,6.261,-31.362,-38.517,-38.517,114.652,114.652,47.304,90.034,50.367,33.156,24.784,147.974,68.634,457.749,-309.775,147.974,-38.517,-20.247,-9.815,-28.879,-9.815,-30.062,-309.775,-309.775,0.22,-0.48,1396.64,2010-06
31.241,9.296,-37.834,-34.935,-34.935,1384.061,1384.061,96.563,241.133,62.185,42.896,77.592,361.621,69.328,141.698,219.923,361.621,-34.934,-45.957,-7.768,-34.725,-7.768,-53.725,219.923,219.923,0.3,1.64,1398.8,2010-09
36.286,11.321,-51.645,-51.358,-51.358,1423.626,1423.626,99.558,235.886,144.592,122.599,27.597,386.082,85.565,179.034,207.048,386.082,-51.358,-34.284,-82.358,-48.755,-82.358,-116.642,207.048,207.048,0.31,1.86,1423.63,2010-12
49.03,18.028,-47.346,-48.941,-48.941,1427.81,1427.81,100.655,226.906,177.331,152.513,27.87,407.289,112.976,239.551,167.738,407.289,-48.941,-43.297,-20.476,-43.829,-20.476,-63.773,167.738,167.738,0.37,2.43,1433.32,2011-03
58.171,18.508,-58.739,-58.903,-58.903,1466.359,1466.359,319.38,417.758,224.799,200.18,28.217,646.155,138.736,297.703,348.452,646.155,-58.903,-22.488,-54.314,-54.421,-54.314,-76.802,348.452,348.452,0.32,1.85,1559.71,2011-06
57.666,17.224,-64.477,-65.078,-65.078,1561.152,1561.152,213.328,412.121,288.173,259.794,28.335,700.25,154.181,406.132,294.118,700.25,-65.078,-21.491,-68.844,-60.197,-68.844,-90.335,294.118,294.118,0.3,2.38,1562.83,2011-09
39.375,7.835,-80.927,-81.489,-81.489,1566.542,1566.542,255.266,372.838,342.393,310.171,15.931,713.448,191.339,489.403,224.045,713.448,-81.489,-40.758,-40.592,-76.123,-40.592,-81.35,224.045,209.537,0.2,3.18,1567.95,2011-12
30.167,10.21,-88.763,-89.873,-89.873,1571.765,1571.765,218.57,358.897,411.232,376.174,26.029,761.1,235.722,607.226,153.874,761.1,-89.873,-63.3,-54.774,-84.6,-54.774,-118.074,153.874,153.874,0.34,4.95,1577.47,2012-03
26.653,4.762,-106.175,-105.603,-105.603,1578.637,1578.637,210.554,317.126,472.023,433.642,26.101,776.869,286.526,714.654,62.215,776.869,-105.603,-64.264,-58.003,-101.827,-58.003,-122.267,62.215,62.215,0.18,12.49,1579.85,2012-06
50.104,-8.761,-108.46,-110.804,-110.804,1583.342,1583.342,85.693,284.541,543.387,498.037,26.599,809.177,385.806,837.052,-27.875,809.177,-110.806,-101.026,-62.398,-100.938,-62.398,-163.424,-27.875,-27.875,-0.17,-29.03,1586.59,2012-09
306.332,23.857,-90.883,-89.931,-89.931,1707.147,1707.147,201.89,524.768,619.843,562.3,12.855,1114.19,539.108,989.49,124.7,1114.19,-89.931,-35.225,-64.053,-78.091,-64.053,-99.278,124.7,110.433,0.08,8.93,1713.21,2012-12
561.792,96.32,-5.584,11.248,11.248,1720.678,1863.979,214.417,525.993,665.99,591.057,12.578,1143.778,535.623,975.195,168.583,1143.778,11.248,64.079,-57.727,12.266,-57.727,6.352,168.583,154.433,0.17,6.78,1727.42,2013-03
405.139,100.483,-11.792,-30.502,-30.502,1772.904,1772.904,746.057,1129.542,822.012,727.047,17.226,1887.844,486.545,1258.418,629.426,1887.844,-30.502,-35.298,-40.515,10.406,-40.515,-75.813,629.426,615.397,0.25,3.0,1821.44,2013-06
431.346,102.868,-30.554,-38.496,-38.496,1827.937,1827.937,795.116,1218.766,1039.688,923.306,10.3,2166.209,1169.459,1602.044,564.165,2166.209,-38.496,102.036,-76.548,-2.104,-76.548,25.488,564.165,550.328,0.24,3.84,1838.49,2013-09
615.219,156.589,-13.353,-16.264,-16.264,1842.561,1842.561,845.889,1265.939,1261.061,1120.919,30.072,2416.93,675.16,1749.81,667.12,2416.93,-16.264,133.987,-89.434,24.232,-89.434,44.553,667.12,667.12,0.25,3.62,1846.36,2013-12
620.542,155.128,-43.967,-49.8,-49.8,1852.092,1852.092,2393.908,3156.047,1470.453,1301.118,29.583,4500.41,1413.47,3588.354,912.056,4500.41,-49.8,58.723,-141.364,0.301,-141.364,-82.641,912.056,898.394,0.25,4.93,1860.61,2014-03
769.349,212.995,-28.753,-61.9,-61.9,1863.756,1863.756,2674.91,3441.694,1771.738,1567.048,32.179999999999,5054.463,1575.85,4102.13,952.333,5054.463,-61.902,-1.662,-175.685,25.962,-175.685,-177.347,952.333,938.792,0.28,5.31,1868.82,2014-06
851.804,251.851,-39.129,-74.708,-74.708,1873.665,1873.665,2370.735,3362.914,2265.516,2022.069,39.13,5437.533,1839.777,4479.439,958.094,5437.533,-74.709,-27.996,-284.175,25.843,-284.175,-312.171,958.094,944.674,0.3,5.68,1880.49,2014-09
956.661,261.697,-74.838,-107.629,-107.629,1882.575,1882.575,1905.713,3180.073,2888.601,2596.011,54.583000000001,5830.667,2107.166,4918.957,911.71,5830.667,-107.629,-86.402,-368.661,-6.862,-368.661,-455.063,911.71,911.71,0.27,6.4,1885.31,2014-12
939.88,260.073,-102.446,-154.181,-154.181,1889.205,1889.205,1510.076,2921.417,3478.638,3136.252,62.361,6120.03,2192.381,5294.033,825.997,6120.03,-154.181,-131.794,-426.06,-25.334,-426.06,-557.854,825.997,825.997,0.28,7.41,1895.43,2015-03
954.976,213.37,-170.188,-184.227,-184.227,1900.335,1900.335,1150.673,2628.621,4170.132,3766.263,73.301,6468.185,2384.388,5752.251,715.934,6468.185,-184.227,-159.516,-405.165,-78.799,-405.165,-564.681,715.934,715.934,0.22,9.03,1906.51,2015-06
936.789,231.496,-183.662,-229.858,-229.858,1935.09,1935.09,1426.036,2998.795,4937.305,4464.536,84.166,7547.497,2553.771,6232.841,1314.656,7547.497,-229.858,-203.34,-392.403,-73.296,-392.403,-595.743,1314.656,1314.656,0.25,5.74,1963.52,2015-09
1214.38,218.564,-260.333,-320.397,-320.397,1966.995,1966.995,1196.908,2782.006,5765.863,5194.737,78.38,8067.939,2811.035,6984.235,1083.704,8067.939,-320.397,-29.849,-411.222,-116.61,-411.222,-441.071,1083.704,1070.888,0.18,7.44,1971.38,2015-12
1147.048,252.468,-248.224,-282.267,-282.267,1990.14,1990.14,1441.789,3239.543,6510.313,5837.224,114.935,9191.702,3187.699,8221.337,970.365,9191.702,-282.267,-249.605,-216.859,-91.764,-216.859,-466.464,970.365,970.365,0.22,9.47,2007.87,2016-03
1270.017,274.776,-238.04,-293.188,-293.188,2099.745,2099.745,3246.301,5203.705,7310.962,6526.976,138.271,11868.952,3766.404,9348.658,2520.294,11868.952,-293.188,150.336,-294.72,-54.808,-294.72,-144.384,2520.294,2520.294,0.22,4.71,2220.23,2016-06
2298.436,636.735,85.622,21.878,21.878,2234.865,2354.025,3084.257,5172.412,8170.451,7258.345,161.64,12592.397,4082.39,9911.909,2680.488,12592.397,21.878,423.649,-247.611,366.09,-247.611,176.038,2680.488,2680.488,0.28,4.7,2247.38,2016-09
2284.631,435.278,-266.698,-121.337,-121.337,2326.575,2326.575,3393.216,6259.796,16054.559,15036.917,991.218,22664.076,5827.005,16758.951,5905.125,22664.076,-219.469,-448.209,-681.281,60.241,-681.281,-1129.49,5905.125,5528.98,0.19,3.84,2423.42,2016-12
2696.27,667.946,-257.549,-330.277,-330.277,2431.935,2431.935,4006.593,7027.889,17787.289,16555.136,1041.109,25053.726,6245.439,18892.636,6161.09,25053.726,-397.181,-69.811,-772.572,119.053,-772.572,-842.383,6161.09,5731.498,0.25,4.07,2462.46,2017-03
2789.557,666.615,-240.916,-336.397,-336.397,2478.18,2478.18,3035.924,6359.444,19672.101,18218.554,1041.094,26043.705,6546.355,19461.59,6582.115,26043.705,-401.427,-200.172,-1157.912,148.255,-1157.912,-1358.084,6582.115,6157.502,0.24,3.96,2502.95,2017-06
2984.675,449.14,-535.48,-619.376,-619.376,2509.41,2509.41,3530.03,7068.733,21220.728,19516.596,1104.271,28107.074,6468.94,21929.414,6177.66,28107.074,-671.163,-300.562,-1244.727,-134.856,-1244.727,-1545.289,6177.66,5760.186,0.15,4.55,2520.25,2017-09
3288.498,439.299,-598.055,-675.95,-675.95,2539.635,2539.635,3367.914,6570.52,22435.52,20491.616,1171.497,28655.372,7674.67,23023.05,5632.322,28655.372,-771.229,509.545,-905.789,-128.452,-905.789,-396.244,5632.322,5210.583,0.13,5.09,2531.96,2017-12
3408.751,456.526,-596.974,-709.551,-709.551,2537.19,2537.19,2665.673,6383.92,21457.645,19180.724,1299.073,27271.429,8650.359,21551.023,5720.406,27271.429,-784.627,-398.376,-728.637,-180.741,-728.637,-1127.013,5720.406,5312.694,0.13,4.77,2546.25,2018-03
4002.231,618.93,-517.958,-717.539,-717.539,2549.955,2549.955,2236.424,6699.797,22129.591,19591.426,1254.087,27910.0,9141.362,22642.887,5267.113,27910.0,-742.706,-129.664,-677.213,-32.703,-677.213,-806.877,5267.113,4902.423,0.15,5.3,2557.74,2018-06
6824.0,1524.0,443.0,311.0,311.0,2565.0,2670.0,2967.504,7920.491,22627.348,19733.969,1251.551,29262.713,9775.324,23409.144,5853.569,29262.713,254.333,1391.04,-559.15,945.512,-559.15,831.89,5853.569,5496.867,0.22,5.0,2573.67,2018-09
7226.0,1443.0,419.0,140.0,140.0,2586.0,2586.0,3686.0,8307.0,30148.0,19691.0,1392.0,29740.0,9993.0,23427.0,6313.0,29740.0,210.0,1235.0,-354.0,916.0,-354.0,881.0,6313.0,5963.0,0.2,4.71,2589.04,2018-12
4541.0,566.0,-478.0,-702.0,-702.0,2595.0,2595.0,2198.169,7677.822,22787.24,19318.095,1568.727,28912.524,9242.8,22874.618,6037.906,28912.524,-668.0,-640.0,-305.0,-10.0,-305.0,-945.0,6037.906,5690.026,0.12,4.79,2605.23,2019-03
6350.0,921.0,-50.0,-408.0,-408.0,2655.0,2655.0,4954.74,10181.952,23457.295,19600.979,1608.833,31872.597,9588.773,24722.136,7150.461,31872.597,-389.0,864.0,-268.0,529.0,-268.0,596.0,7150.461,6669.628,0.15,4.46,2686.77,2019-06
6303.0,1191.0,261.0,143.0,143.0,2691.0,2766.0,5338.0,10940.0,24039.0,19845.0,1473.0,32795.0,10146.0,25313.0,7482.0,32795.0,150.0,756.0,-410.0,791.0,-410.0,346.0,7482.0,6945.0,0.19,4.38,2700.0,2019-09
7384.0,1391.0,347.0,105.0,105.0,2706.0,2706.0,6268.0,12103.0,24656.0,20199.0,1470.0,34309.0,10667.0,26199.0,8110.0,34309.0,132.0,1425.0,-449.0,924.0,-449.0,976.0,8110.0,7573.0,0.19,4.23,2715.93,2019-12
5985.0,1234.0,283.0,16.0,16.0,2745.0,2982.0,8080.0,14893.0,25321.0,20468.0,1373.0,37250.0,11986.0,26578.0,10672.0,37250.0,68.0,-440.0,-481.0,836.0,-481.0,-921.0,10672.0,10156.0,0.21,3.49,2775.0,2020-03
6036.0,1267.0,327.0,104.0,104.0,2784.0,3108.0,8615.0,15336.0,26145.0,20876.0,1415.0,38135.0,12270.0,26798.0,11337.0,38135.0,129.0,964.0,-566.0,894.0,-566.0,398.0,11337.0,10829.0,0.21,3.36,2794.79,2020-06
8771.0,2063.0,809.0,300.0,300.0,2811.0,3315.0,14531.0,21744.0,27701.0,21990.0,1436.0,45691.0,13302.0,28191.0,17500.0,45691.0,369.0,2400.0,-1021.0,1393.0,-1021.0,1379.0,17500.0,16979.0,0.24,2.61,2843.56,2020-09
10744.0,2066.0,575.0,301.0,301.0,2853.0,3465.0,19384.0,26717.0,29447.0,23375.0,1536.0,52148.0,14248.0,28469.0,23679.0,52148.0,296.0,3019.0,-1164.0,1193.0,-1164.0,1855.0,23679.0,23159.0,0.19,2.2,2880.0,2020-12
10389.0,2215.0,493.0,438.0,438.0,2883.0,3399.0,17141.0,24705.0,30233.0,24844.0,1587.0,52972.0,14877.0,28507.0,24465.0,52972.0,464.0,1641.0,-1360.0,1114.0,-1360.0,281.0,24465.0,23960.0,0.21,2.17,2889.0,2021-03
11958.0,2884.0,1335.0,1142.0,1142.0,2913.0,3357.0,16229.0,24693.0,32854.0,27030.0,1626.0,55146.0,16371.0,28896.0,26250.0,55146.0,1178.0,2124.0,-1515.0,2016.0,-1515.0,609.0,26250.0,25764.0,0.24,2.1,2952.0,2021-06
13757.0,3660.0,2055.0,1618.0,1618.0,2993.0,3369.0,16065.0,25002.0,35480.0,29248.0,1854.0,57834.0,18051.0,29340.0,28494.0,57834.0,1659.0,3147.0,-1825.0,2816.0,-1825.0,1322.0,28494.0,28024.0,0.27,2.03,3012.0,2021-09
17719.0,4847.0,2613.0,2321.0,2321.0,3039.0,3375.0,17576.0,27100.0,39094.0,31176.0,2138.0,62131.0,19705.0,30548.0,31583.0,62131.0,2343.0,4585.0,-1814.0,3461.0,-1814.0,2771.0,31583.0,29866.0,0.27,1.97,3099.0,2021-12
18756.0,5460.0,3603.0,3318.0,3318.0,3102.0,3471.0,17505.0,29050.0,39905.0,32639.0,2634.0,66038.0,21455.0,30632.0,35406.0,66038.0,3280.0,3995.0,-1772.0,4483.0,-1772.0,2223.0,35406.0,33691.0,0.29,1.87,3108.0,2022-03
16934.0,4234.0,2606.0,2259.0,2259.0,3111.0,3465.0,18324.0,31222.0,41471.0,33684.0,2952.0,68513.0,21821.0,30855.0,37658.0,68513.0,2269.0,2351.0,-1730.0,3528.0,-1730.0,621.0,37658.0,37003.0,0.25,1.82,3123.0,2022-06
21454.0,5382.0,3688.0,3292.0,3292.0,3146.0,3468.0,19532.0,35990.0,42884.0,34563.0,3236.0,74426.0,24611.0,33302.0,41124.0,74426.0,3331.0,5100.0,-1803.0,4644.0,-1803.0,3297.0,41124.0,40487.0,0.25,1.81,3158.0,2022-09
